time,ask_price,bid_price
2017-08-14 00:00:01,142.104,142.104
2017-08-14 00:00:03,142.104,142.104
2017-08-14 00:00:04,142.104,142.104
2017-08-14 00:00:05,142.104,142.104
2017-08-14 00:00:06,142.104,142.104
2017-08-14 00:00:07,142.104,142.104
2017-08-14 00:00:08,142.104,142.104
2017-08-14 00:00:10,142.104,142.104
2017-08-14 00:00:11,142.104,142.104
2017-08-14 00:00:12,142.104,142.104
2017-08-14 00:00:13,142.104,142.104
2017-08-14 00:00:14,142.104,142.104
2017-08-14 00:00:16,142.104,142.104
2017-08-14 00:00:17,142.104,142.104
2017-08-14 00:00:18,142.104,142.104
2017-08-14 00:00:19,142.104,142.104
2017-08-14 00:00:20,142.104,142.104
2017-08-14 00:00:21,142.104,142.104
2017-08-14 00:00:23,142.104,142.104
2017-08-14 00:00:24,142.104,142.104
2017-08-14 00:00:25,142.104,142.104
2017-08-14 00:00:26,142.104,142.104
2017-08-14 00:00:27,142.104,142.104
2017-08-14 00:00:28,142.104,142.104
2017-08-14 00:00:30,142.104,142.104
2017-08-14 00:00:31,142.104,142.104
2017-08-14 00:00:32,142.104,142.104
2017-08-14 00:00:33,142.104,142.104
2017-08-14 00:00:34,142.104,142.104
2017-08-14 00:00:36,142.104,142.104
2017-08-14 00:00:37,142.104,142.104
2017-08-14 00:00:38,142.104,142.104
2017-08-14 00:00:39,142.104,142.104
2017-08-14 00:00:40,142.104,142.104
2017-08-14 00:00:41,142.104,142.104
2017-08-14 00:00:43,142.104,142.104
2017-08-14 00:00:44,142.104,142.104
2017-08-14 00:00:45,142.104,142.104
2017-08-14 00:00:46,142.104,142.104
2017-08-14 00:00:47,142.104,142.104
2017-08-14 00:00:48,142.104,142.104
2017-08-14 00:00:50,142.104,142.104
2017-08-14 00:00:51,142.104,142.104
2017-08-14 00:00:52,142.104,142.104
2017-08-14 00:00:53,142.104,142.104
2017-08-14 00:00:54,142.104,142.104
2017-08-14 00:00:56,142.104,142.104
2017-08-14 00:00:57,142.104,142.104
2017-08-14 00:00:58,142.104,142.104
2017-08-14 00:00:59,142.104,142.104
2017-08-14 00:01:00,142.104,142.104
2017-08-14 00:01:01,142.104,142.104
2017-08-14 00:01:03,142.104,142.104
2017-08-14 00:01:04,142.104,142.104
2017-08-14 00:01:05,142.104,142.104
2017-08-14 00:01:06,142.104,142.104
2017-08-14 00:01:07,142.104,142.104
2017-08-14 00:01:09,142.104,142.104
2017-08-14 00:01:10,142.104,142.104
2017-08-14 00:01:11,142.104,142.104
2017-08-14 00:01:12,142.104,142.104
2017-08-14 00:01:13,142.104,142.104
2017-08-14 00:01:15,142.104,142.104
2017-08-14 00:01:16,142.104,142.104
2017-08-14 00:01:17,142.104,142.104
2017-08-14 00:01:18,142.104,142.104
2017-08-14 00:01:19,142.104,142.104
2017-08-14 00:01:20,142.104,142.104
2017-08-14 00:01:22,142.104,142.104
2017-08-14 00:01:23,142.104,142.104
2017-08-14 00:01:24,142.104,142.104
2017-08-14 00:01:25,142.104,142.104
2017-08-14 00:01:26,142.104,142.104
2017-08-14 00:01:27,142.104,142.104
2017-08-14 00:01:29,142.104,142.104
2017-08-14 00:01:30,142.104,142.104
2017-08-14 00:01:31,142.104,142.104
2017-08-14 00:01:32,142.104,142.104
2017-08-14 00:01:33,142.104,142.104
2017-08-14 00:01:35,142.104,142.104
2017-08-14 00:01:36,142.104,142.104
2017-08-14 00:01:37,142.104,142.104
2017-08-14 00:01:38,142.104,142.104
2017-08-14 00:01:39,142.104,142.104
2017-08-14 00:01:40,142.104,142.104
2017-08-14 00:01:42,142.104,142.104
2017-08-14 00:01:43,142.104,142.104
2017-08-14 00:01:44,142.104,142.104
2017-08-14 00:01:45,142.104,142.104
2017-08-14 00:01:46,142.104,142.104
2017-08-14 00:01:47,142.104,142.104
2017-08-14 00:01:49,142.104,142.104
2017-08-14 00:01:50,142.104,142.104
2017-08-14 00:01:51,142.104,142.104
2017-08-14 00:01:52,142.104,142.104
2017-08-14 00:01:53,142.104,142.104
2017-08-14 00:01:55,142.104,142.104
2017-08-14 00:01:56,142.104,142.104
2017-08-14 00:01:57,142.104,142.104
2017-08-14 00:01:58,142.104,142.104
2017-08-14 00:01:59,142.104,142.104
2017-08-14 00:02:00,142.104,142.104
2017-08-14 00:02:02,142.104,142.104
2017-08-14 00:02:03,142.104,142.104
2017-08-14 00:02:04,142.104,142.104
2017-08-14 00:02:05,142.104,142.104
2017-08-14 00:02:06,142.104,142.104
2017-08-14 00:02:08,142.104,142.104
2017-08-14 00:02:09,142.104,142.104
2017-08-14 00:02:10,142.104,142.104
2017-08-14 00:02:11,142.104,142.104
2017-08-14 00:02:12,142.104,142.104
2017-08-14 00:02:13,142.104,142.104
2017-08-14 00:02:15,142.104,142.104
2017-08-14 00:02:16,142.104,142.104
2017-08-14 00:02:17,142.104,142.104
2017-08-14 00:02:18,142.104,142.104
2017-08-14 00:02:19,142.104,142.104
2017-08-14 00:02:20,142.104,142.104
2017-08-14 00:02:22,142.104,142.104
2017-08-14 00:02:23,142.104,142.104
2017-08-14 00:02:24,142.104,142.104
2017-08-14 00:02:25,142.104,142.104
2017-08-14 00:02:26,142.104,142.104
2017-08-14 00:02:28,142.104,142.104
2017-08-14 00:02:29,142.104,142.104
2017-08-14 00:02:30,142.104,142.104
2017-08-14 00:02:31,142.104,142.104
2017-08-14 00:02:32,142.104,142.104
2017-08-14 00:02:33,142.104,142.104
2017-08-14 00:02:35,142.104,142.104
2017-08-14 00:02:36,142.104,142.104
2017-08-14 00:02:37,142.104,142.104
2017-08-14 00:02:38,142.104,142.104
2017-08-14 00:02:39,142.104,142.104
2017-08-14 00:02:40,142.104,142.104
2017-08-14 00:02:42,142.104,142.104
2017-08-14 00:02:43,142.104,142.104
2017-08-14 00:02:44,142.104,142.104
2017-08-14 00:02:45,142.104,142.104
2017-08-14 00:02:46,142.104,142.104
2017-08-14 00:02:48,142.104,142.104
2017-08-14 00:02:49,142.104,142.104
2017-08-14 00:02:50,142.104,142.104
2017-08-14 00:02:51,142.104,142.104
2017-08-14 00:02:52,142.104,142.104
2017-08-14 00:02:53,142.104,142.104
2017-08-14 00:02:55,142.104,142.104
2017-08-14 00:02:56,142.104,142.104
2017-08-14 00:02:57,142.104,142.104
2017-08-14 00:02:58,142.104,142.104
2017-08-14 00:02:59,142.104,142.104
2017-08-14 00:03:00,142.104,142.104
2017-08-14 00:03:02,142.104,142.104
2017-08-14 00:03:03,142.104,142.104
2017-08-14 00:03:04,142.104,142.104
2017-08-14 00:03:05,142.104,142.104
2017-08-14 00:03:06,142.104,142.104
2017-08-14 00:03:08,142.104,142.104
2017-08-14 00:03:09,142.104,142.104
2017-08-14 00:03:10,142.104,142.104
2017-08-14 00:03:11,142.104,142.104
2017-08-14 00:03:12,142.104,142.104
2017-08-14 00:03:13,142.104,142.104
2017-08-14 00:03:15,142.104,142.104
2017-08-14 00:03:16,142.104,142.104
2017-08-14 00:03:17,142.104,142.104
2017-08-14 00:03:18,142.104,142.104
2017-08-14 00:03:19,142.104,142.104
2017-08-14 00:03:21,142.104,142.104
2017-08-14 00:03:22,142.104,142.104
2017-08-14 00:03:23,142.104,142.104
2017-08-14 00:03:24,142.104,142.104
2017-08-14 00:03:25,142.104,142.104
2017-08-14 00:03:26,142.104,142.104
2017-08-14 00:03:28,142.104,142.104
2017-08-14 00:03:29,142.104,142.104
2017-08-14 00:03:30,142.104,142.104
2017-08-14 00:03:31,142.104,142.104
2017-08-14 00:03:32,142.104,142.104
2017-08-14 00:03:33,142.104,142.104
2017-08-14 00:03:35,142.104,142.104
2017-08-14 00:03:36,142.104,142.104
2017-08-14 00:03:37,142.104,142.104
2017-08-14 00:03:38,142.104,142.104
2017-08-14 00:03:39,142.104,142.104
2017-08-14 00:03:41,142.104,142.104
2017-08-14 00:03:42,142.104,142.104
2017-08-14 00:03:43,142.104,142.104
2017-08-14 00:03:44,142.104,142.104
2017-08-14 00:03:45,142.104,142.104
2017-08-14 00:03:46,142.104,142.104
2017-08-14 00:03:48,142.104,142.104
2017-08-14 00:03:49,142.104,142.104
2017-08-14 00:03:50,142.104,142.104
2017-08-14 00:03:51,142.104,142.104
2017-08-14 00:03:52,142.104,142.104
2017-08-14 00:03:53,142.104,142.104
2017-08-14 00:03:55,142.104,142.104
2017-08-14 00:03:56,142.104,142.104
2017-08-14 00:03:57,142.104,142.104
2017-08-14 00:03:58,142.104,142.104
2017-08-14 00:03:59,142.104,142.104
2017-08-14 00:04:01,142.104,142.104
2017-08-14 00:04:02,142.104,142.104
2017-08-14 00:04:03,142.104,142.104
2017-08-14 00:04:04,142.104,142.104
2017-08-14 00:04:05,142.104,142.104
2017-08-14 00:04:06,142.104,142.104
2017-08-14 00:04:08,142.104,142.104
2017-08-14 00:04:09,142.104,142.104
2017-08-14 00:04:10,142.104,142.104
2017-08-14 00:04:11,142.104,142.104
2017-08-14 00:04:12,142.104,142.104
2017-08-14 00:04:14,142.104,142.104
2017-08-14 00:04:15,142.104,142.104
2017-08-14 00:04:16,142.104,142.104
2017-08-14 00:04:17,142.104,142.104
2017-08-14 00:04:18,142.104,142.104
2017-08-14 00:04:19,142.104,142.104
2017-08-14 00:04:21,142.104,142.104
2017-08-14 00:04:22,142.104,142.104
2017-08-14 00:04:23,142.104,142.104
2017-08-14 00:04:24,142.104,142.104
2017-08-14 00:04:25,142.104,142.104
2017-08-14 00:04:26,142.104,142.104
2017-08-14 00:04:28,142.104,142.104
2017-08-14 00:04:29,142.104,142.104
2017-08-14 00:04:30,142.104,142.104
2017-08-14 00:04:31,142.104,142.104
2017-08-14 00:04:32,142.104,142.104
2017-08-14 00:04:34,142.104,142.104
2017-08-14 00:04:35,142.104,142.104
2017-08-14 00:04:36,142.104,142.104
2017-08-14 00:04:37,142.104,142.104
2017-08-14 00:04:38,142.104,142.104
2017-08-14 00:04:39,142.104,142.104
2017-08-14 00:04:41,142.104,142.104
2017-08-14 00:04:42,142.104,142.104
2017-08-14 00:04:43,142.104,142.104
2017-08-14 00:04:44,142.104,142.104
2017-08-14 00:04:45,142.104,142.104
2017-08-14 00:04:46,142.104,142.104
2017-08-14 00:04:48,142.104,142.104
2017-08-14 00:04:49,142.104,142.104
2017-08-14 00:04:50,142.104,142.104
2017-08-14 00:04:51,142.104,142.104
2017-08-14 00:04:52,142.104,142.104
2017-08-14 00:04:54,142.104,142.104
2017-08-14 00:04:55,142.104,142.104
2017-08-14 00:04:56,142.104,142.104
2017-08-14 00:04:57,142.104,142.104
2017-08-14 00:04:58,142.104,142.104
2017-08-14 00:04:59,142.104,142.104
2017-08-14 00:05:01,142.104,142.104
2017-08-14 00:05:02,142.104,142.104
2017-08-14 00:05:03,142.104,142.104
2017-08-14 00:05:04,142.104,142.104
2017-08-14 00:05:05,142.104,142.104
2017-08-14 00:05:07,142.104,142.104
2017-08-14 00:05:08,142.104,142.104
2017-08-14 00:05:09,142.104,142.104
2017-08-14 00:05:10,142.104,142.104
2017-08-14 00:05:11,142.104,142.104
2017-08-14 00:05:12,142.104,142.104
2017-08-14 00:05:14,142.104,142.104
2017-08-14 00:05:15,142.104,142.104
2017-08-14 00:05:16,142.104,142.104
2017-08-14 00:05:17,142.104,142.104
2017-08-14 00:05:18,142.104,142.104
2017-08-14 00:05:19,142.104,142.104
2017-08-14 00:05:21,142.104,142.104
2017-08-14 00:05:22,142.104,142.104
2017-08-14 00:05:23,142.104,142.104
2017-08-14 00:05:24,142.104,142.104
2017-08-14 00:05:25,142.104,142.104
2017-08-14 00:05:27,142.104,142.104
2017-08-14 00:05:28,142.104,142.104
2017-08-14 00:05:29,142.104,142.104
2017-08-14 00:05:30,142.104,142.104
2017-08-14 00:05:31,142.104,142.104
2017-08-14 00:05:32,142.104,142.104
2017-08-14 00:05:34,142.104,142.104
2017-08-14 00:05:35,142.104,142.104
2017-08-14 00:05:36,142.104,142.104
2017-08-14 00:05:37,142.104,142.104
2017-08-14 00:05:38,142.104,142.104
2017-08-14 00:05:39,142.104,142.104
2017-08-14 00:05:41,142.104,142.104
2017-08-14 00:05:42,142.104,142.104
2017-08-14 00:05:43,142.104,142.104
2017-08-14 00:05:44,142.104,142.104
2017-08-14 00:05:45,142.104,142.104
2017-08-14 00:05:47,142.104,142.104
2017-08-14 00:05:48,142.104,142.104
2017-08-14 00:05:49,142.104,142.104
2017-08-14 00:05:50,142.104,142.104
2017-08-14 00:05:51,142.104,142.104
2017-08-14 00:05:52,142.104,142.104
2017-08-14 00:05:54,142.104,142.104
2017-08-14 00:05:55,142.104,142.104
2017-08-14 00:05:56,142.104,142.104
2017-08-14 00:05:57,142.104,142.104
2017-08-14 00:05:58,142.104,142.104
2017-08-14 00:06:00,142.104,142.104
2017-08-14 00:06:01,142.104,142.104
2017-08-14 00:06:02,142.104,142.104
2017-08-14 00:06:03,142.104,142.104
2017-08-14 00:06:04,142.104,142.104
2017-08-14 00:06:05,142.104,142.104
2017-08-14 00:06:07,142.104,142.104
2017-08-14 00:06:08,142.104,142.104
2017-08-14 00:06:09,142.104,142.104
2017-08-14 00:06:10,142.104,142.104
2017-08-14 00:06:11,142.104,142.104
2017-08-14 00:06:12,142.104,142.104
2017-08-14 00:06:14,142.104,142.104
2017-08-14 00:06:15,142.104,142.104
2017-08-14 00:06:16,142.104,142.104
2017-08-14 00:06:17,142.104,142.104
2017-08-14 00:06:18,142.104,142.104
2017-08-14 00:06:20,142.104,142.104
2017-08-14 00:06:21,142.104,142.104
2017-08-14 00:06:22,142.104,142.104
2017-08-14 00:06:23,142.104,142.104
2017-08-14 00:06:24,142.104,142.104
2017-08-14 00:06:25,142.104,142.104
2017-08-14 00:06:27,142.104,142.104
2017-08-14 00:06:28,142.104,142.104
2017-08-14 00:06:29,142.104,142.104
2017-08-14 00:06:30,142.104,142.104
2017-08-14 00:06:31,142.104,142.104
2017-08-14 00:06:32,142.104,142.104
2017-08-14 00:06:34,142.104,142.104
2017-08-14 00:06:35,142.104,142.104
2017-08-14 00:06:36,142.104,142.104
2017-08-14 00:06:37,142.104,142.104
2017-08-14 00:06:38,142.104,142.104
2017-08-14 00:06:40,142.104,142.104
2017-08-14 00:06:41,142.104,142.104
2017-08-14 00:06:42,142.104,142.104
2017-08-14 00:06:43,142.104,142.104
2017-08-14 00:06:44,142.104,142.104
2017-08-14 00:06:45,142.104,142.104
2017-08-14 00:06:47,142.104,142.104
2017-08-14 00:06:48,142.104,142.104
2017-08-14 00:06:49,142.104,142.104
2017-08-14 00:06:50,142.104,142.104
2017-08-14 00:06:51,142.104,142.104
2017-08-14 00:06:53,142.104,142.104
2017-08-14 00:06:54,142.104,142.104
2017-08-14 00:06:55,142.104,142.104
2017-08-14 00:06:56,142.104,142.104
2017-08-14 00:06:57,142.104,142.104
2017-08-14 00:06:58,142.104,142.104
2017-08-14 00:07:00,142.104,142.104
2017-08-14 00:07:01,142.104,142.104
2017-08-14 00:07:02,142.104,142.104
2017-08-14 00:07:03,142.104,142.104
2017-08-14 00:07:04,142.104,142.104
2017-08-14 00:07:05,142.104,142.104
2017-08-14 00:07:07,142.104,142.104
2017-08-14 00:07:08,142.104,142.104
2017-08-14 00:07:09,142.104,142.104
2017-08-14 00:07:10,142.104,142.104
2017-08-14 00:07:11,142.104,142.104
2017-08-14 00:07:13,142.104,142.104
2017-08-14 00:07:14,142.104,142.104
2017-08-14 00:07:15,142.104,142.104
2017-08-14 00:07:16,142.104,142.104
2017-08-14 00:07:17,142.104,142.104
2017-08-14 00:07:18,142.104,142.104
2017-08-14 00:07:20,142.104,142.104
2017-08-14 00:07:21,142.104,142.104
2017-08-14 00:07:22,142.104,142.104
2017-08-14 00:07:23,142.104,142.104
2017-08-14 00:07:24,142.104,142.104
2017-08-14 00:07:25,142.104,142.104
2017-08-14 00:07:27,142.104,142.104
2017-08-14 00:07:28,142.104,142.104
2017-08-14 00:07:29,142.104,142.104
2017-08-14 00:07:30,142.104,142.104
2017-08-14 00:07:31,142.104,142.104
2017-08-14 00:07:33,142.104,142.104
2017-08-14 00:07:34,142.104,142.104
2017-08-14 00:07:35,142.104,142.104
2017-08-14 00:07:36,142.104,142.104
2017-08-14 00:07:37,142.104,142.104
2017-08-14 00:07:38,142.104,142.104
2017-08-14 00:07:40,142.104,142.104
2017-08-14 00:07:41,142.104,142.104
2017-08-14 00:07:42,142.104,142.104
2017-08-14 00:07:43,142.104,142.104
2017-08-14 00:07:44,142.104,142.104
2017-08-14 00:07:45,142.104,142.104
2017-08-14 00:07:47,142.104,142.104
2017-08-14 00:07:48,142.104,142.104
2017-08-14 00:07:49,142.104,142.104
2017-08-14 00:07:50,142.104,142.104
2017-08-14 00:07:51,142.104,142.104
2017-08-14 00:07:53,142.104,142.104
2017-08-14 00:07:54,142.104,142.104
2017-08-14 00:07:55,142.104,142.104
2017-08-14 00:07:56,142.104,142.104
2017-08-14 00:07:57,142.104,142.104
2017-08-14 00:07:58,142.104,142.104
2017-08-14 00:08:00,142.104,142.104
2017-08-14 00:08:01,142.104,142.104
2017-08-14 00:08:02,142.104,142.104
2017-08-14 00:08:03,142.104,142.104
2017-08-14 00:08:04,142.104,142.104
2017-08-14 00:08:06,142.104,142.104
2017-08-14 00:08:07,142.104,142.104
2017-08-14 00:08:08,142.104,142.104
2017-08-14 00:08:09,142.104,142.104
2017-08-14 00:08:10,142.104,142.104
2017-08-14 00:08:11,142.104,142.104
2017-08-14 00:08:13,142.104,142.104
2017-08-14 00:08:14,142.104,142.104
2017-08-14 00:08:15,142.104,142.104
2017-08-14 00:08:16,142.104,142.104
2017-08-14 00:08:17,142.104,142.104
2017-08-14 00:08:18,142.104,142.104
2017-08-14 00:08:20,142.104,142.104
2017-08-14 00:08:21,142.104,142.104
2017-08-14 00:08:22,142.104,142.104
2017-08-14 00:08:23,142.104,142.104
2017-08-14 00:08:24,142.104,142.104
2017-08-14 00:08:26,142.104,142.104
2017-08-14 00:08:27,142.104,142.104
2017-08-14 00:08:28,142.104,142.104
2017-08-14 00:08:29,142.104,142.104
2017-08-14 00:08:30,142.104,142.104
2017-08-14 00:08:31,142.104,142.104
2017-08-14 00:08:33,142.104,142.104
2017-08-14 00:08:34,142.104,142.104
2017-08-14 00:08:35,142.104,142.104
2017-08-14 00:08:36,142.104,142.104
2017-08-14 00:08:37,142.104,142.104
2017-08-14 00:08:38,142.104,142.104
2017-08-14 00:08:40,142.104,142.104
2017-08-14 00:08:41,142.104,142.104
2017-08-14 00:08:42,142.104,142.104
2017-08-14 00:08:43,142.104,142.104
2017-08-14 00:08:44,142.104,142.104
2017-08-14 00:08:46,142.104,142.104
2017-08-14 00:08:47,142.104,142.104
2017-08-14 00:08:48,142.104,142.104
2017-08-14 00:08:49,142.104,142.104
2017-08-14 00:08:50,142.104,142.104
2017-08-14 00:08:51,142.104,142.104
2017-08-14 00:08:53,142.104,142.104
2017-08-14 00:08:54,142.104,142.104
2017-08-14 00:08:55,142.104,142.104
2017-08-14 00:08:56,142.104,142.104
2017-08-14 00:08:57,142.104,142.104
2017-08-14 00:08:59,142.104,142.104
2017-08-14 00:09:00,142.104,142.104
2017-08-14 00:09:01,142.104,142.104
2017-08-14 00:09:02,142.104,142.104
2017-08-14 00:09:03,142.104,142.104
2017-08-14 00:09:04,142.104,142.104
2017-08-14 00:09:06,142.104,142.104
2017-08-14 00:09:07,142.104,142.104
2017-08-14 00:09:08,142.104,142.104
2017-08-14 00:09:09,142.104,142.104
2017-08-14 00:09:10,142.104,142.104
2017-08-14 00:09:11,142.104,142.104
2017-08-14 00:09:13,142.104,142.104
2017-08-14 00:09:14,142.104,142.104
2017-08-14 00:09:15,142.104,142.104
2017-08-14 00:09:16,142.104,142.104
2017-08-14 00:09:17,142.104,142.104
2017-08-14 00:09:19,142.104,142.104
2017-08-14 00:09:20,142.104,142.104
2017-08-14 00:09:21,142.104,142.104
2017-08-14 00:09:22,142.104,142.104
2017-08-14 00:09:23,142.104,142.104
2017-08-14 00:09:24,142.104,142.104
2017-08-14 00:09:26,142.104,142.104
2017-08-14 00:09:27,142.104,142.104
2017-08-14 00:09:28,142.104,142.104
2017-08-14 00:09:29,142.104,142.104
2017-08-14 00:09:30,142.104,142.104
2017-08-14 00:09:31,142.104,142.104
2017-08-14 00:09:33,142.104,142.104
2017-08-14 00:09:34,142.104,142.104
2017-08-14 00:09:35,142.104,142.104
2017-08-14 00:09:36,142.104,142.104
2017-08-14 00:09:37,142.104,142.104
2017-08-14 00:09:39,142.104,142.104
2017-08-14 00:09:40,142.104,142.104
2017-08-14 00:09:41,142.104,142.104
2017-08-14 00:09:42,142.104,142.104
2017-08-14 00:09:43,142.104,142.104
2017-08-14 00:09:44,142.104,142.104
2017-08-14 00:09:46,142.104,142.104
2017-08-14 00:09:47,142.104,142.104
2017-08-14 00:09:48,142.104,142.104
2017-08-14 00:09:49,142.104,142.104
2017-08-14 00:09:50,142.104,142.104
2017-08-14 00:09:52,142.104,142.104
2017-08-14 00:09:53,142.104,142.104
2017-08-14 00:09:54,142.104,142.104
2017-08-14 00:09:55,142.104,142.104
2017-08-14 00:09:56,142.104,142.104
2017-08-14 00:09:57,142.104,142.104
2017-08-14 00:09:59,142.104,142.104
2017-08-14 00:10:00,142.104,142.104
2017-08-14 00:10:01,142.104,142.104
2017-08-14 00:10:02,142.104,142.104
2017-08-14 00:10:03,142.104,142.104
2017-08-14 00:10:04,142.104,142.104
2017-08-14 00:10:06,142.104,142.104
2017-08-14 00:10:07,142.104,142.104
2017-08-14 00:10:08,142.104,142.104
2017-08-14 00:10:09,142.104,142.104
2017-08-14 00:10:10,142.104,142.104
2017-08-14 00:10:12,142.104,142.104
2017-08-14 00:10:13,142.104,142.104
2017-08-14 00:10:14,142.104,142.104
2017-08-14 00:10:15,142.104,142.104
2017-08-14 00:10:16,142.104,142.104
2017-08-14 00:10:17,142.104,142.104
2017-08-14 00:10:19,142.104,142.104
2017-08-14 00:10:20,142.104,142.104
2017-08-14 00:10:21,142.104,142.104
2017-08-14 00:10:22,142.104,142.104
2017-08-14 00:10:23,142.104,142.104
2017-08-14 00:10:24,142.104,142.104
2017-08-14 00:10:26,142.104,142.104
2017-08-14 00:10:27,142.104,142.104
2017-08-14 00:10:28,142.104,142.104
2017-08-14 00:10:29,142.104,142.104
2017-08-14 00:10:30,142.104,142.104
2017-08-14 00:10:32,142.104,142.104
2017-08-14 00:10:33,142.104,142.104
2017-08-14 00:10:34,142.104,142.104
2017-08-14 00:10:35,142.104,142.104
2017-08-14 00:10:36,142.104,142.104
2017-08-14 00:10:37,142.104,142.104
2017-08-14 00:10:39,142.104,142.104
2017-08-14 00:10:40,142.104,142.104
2017-08-14 00:10:41,142.104,142.104
2017-08-14 00:10:42,142.104,142.104
2017-08-14 00:10:43,142.104,142.104
2017-08-14 00:10:45,142.104,142.104
2017-08-14 00:10:46,142.104,142.104
2017-08-14 00:10:47,142.104,142.104
2017-08-14 00:10:48,142.104,142.104
2017-08-14 00:10:49,142.104,142.104
2017-08-14 00:10:50,142.104,142.104
2017-08-14 00:10:52,142.104,142.104
2017-08-14 00:10:53,142.104,142.104
2017-08-14 00:10:54,142.104,142.104
2017-08-14 00:10:55,142.104,142.104
2017-08-14 00:10:56,142.104,142.104
2017-08-14 00:10:57,142.104,142.104
2017-08-14 00:10:59,142.104,142.104
2017-08-14 00:11:00,142.104,142.104
2017-08-14 00:11:01,142.104,142.104
2017-08-14 00:11:02,142.104,142.104
2017-08-14 00:11:03,142.104,142.104
2017-08-14 00:11:05,142.104,142.104
2017-08-14 00:11:06,142.104,142.104
2017-08-14 00:11:07,142.104,142.104
2017-08-14 00:11:08,142.104,142.104
2017-08-14 00:11:09,142.104,142.104
2017-08-14 00:11:10,142.104,142.104
2017-08-14 00:11:12,142.104,142.104
2017-08-14 00:11:13,142.104,142.104
2017-08-14 00:11:14,142.104,142.104
2017-08-14 00:11:15,142.104,142.104
2017-08-14 00:11:16,142.104,142.104
2017-08-14 00:11:17,142.104,142.104
2017-08-14 00:11:19,142.104,142.104
2017-08-14 00:11:20,142.104,142.104
2017-08-14 00:11:21,142.104,142.104
2017-08-14 00:11:22,142.104,142.104
2017-08-14 00:11:23,142.104,142.104
2017-08-14 00:11:25,142.104,142.104
2017-08-14 00:11:26,142.104,142.104
2017-08-14 00:11:27,142.104,142.104
2017-08-14 00:11:28,142.104,142.104
2017-08-14 00:11:29,142.104,142.104
2017-08-14 00:11:30,142.104,142.104
2017-08-14 00:11:32,142.104,142.104
2017-08-14 00:11:33,142.104,142.104
2017-08-14 00:11:34,142.104,142.104
2017-08-14 00:11:35,142.104,142.104
2017-08-14 00:11:36,142.104,142.104
2017-08-14 00:11:38,142.104,142.104
2017-08-14 00:11:39,142.104,142.104
2017-08-14 00:11:40,142.104,142.104
2017-08-14 00:11:41,142.104,142.104
2017-08-14 00:11:42,142.104,142.104
2017-08-14 00:11:43,142.104,142.104
2017-08-14 00:11:45,142.104,142.104
2017-08-14 00:11:46,142.104,142.104
2017-08-14 00:11:47,142.104,142.104
2017-08-14 00:11:48,142.104,142.104
2017-08-14 00:11:49,142.104,142.104
2017-08-14 00:11:50,142.104,142.104
2017-08-14 00:11:52,142.104,142.104
2017-08-14 00:11:53,142.104,142.104
2017-08-14 00:11:54,142.104,142.104
2017-08-14 00:11:55,142.104,142.104
2017-08-14 00:11:56,142.104,142.104
2017-08-14 00:11:58,142.104,142.104
2017-08-14 00:11:59,142.104,142.104
2017-08-14 00:12:00,142.104,142.104
2017-08-14 00:12:01,142.104,142.104
2017-08-14 00:12:02,142.104,142.104
2017-08-14 00:12:03,142.104,142.104
2017-08-14 00:12:05,142.104,142.104
2017-08-14 00:12:06,142.104,142.104
2017-08-14 00:12:07,142.104,142.104
2017-08-14 00:12:08,142.104,142.104
2017-08-14 00:12:09,142.104,142.104
2017-08-14 00:12:10,142.104,142.104
2017-08-14 00:12:12,142.104,142.104
2017-08-14 00:12:13,142.104,142.104
2017-08-14 00:12:14,142.104,142.104
2017-08-14 00:12:15,142.104,142.104
2017-08-14 00:12:16,142.104,142.104
2017-08-14 00:12:18,142.104,142.104
2017-08-14 00:12:19,142.104,142.104
2017-08-14 00:12:20,142.104,142.104
2017-08-14 00:12:21,142.104,142.104
2017-08-14 00:12:22,142.104,142.104
2017-08-14 00:12:23,142.104,142.104
2017-08-14 00:12:25,142.104,142.104
2017-08-14 00:12:26,142.104,142.104
2017-08-14 00:12:27,142.104,142.104
2017-08-14 00:12:28,142.104,142.104
2017-08-14 00:12:29,142.104,142.104
2017-08-14 00:12:31,142.104,142.104
2017-08-14 00:12:32,142.104,142.104
2017-08-14 00:12:33,142.104,142.104
2017-08-14 00:12:34,142.104,142.104
2017-08-14 00:12:35,142.104,142.104
2017-08-14 00:12:36,142.104,142.104
2017-08-14 00:12:38,142.104,142.104
2017-08-14 00:12:39,142.104,142.104
2017-08-14 00:12:40,142.104,142.104
2017-08-14 00:12:41,142.104,142.104
2017-08-14 00:12:42,142.104,142.104
2017-08-14 00:12:43,142.104,142.104
2017-08-14 00:12:45,142.104,142.104
2017-08-14 00:12:46,142.104,142.104
2017-08-14 00:12:47,142.104,142.104
2017-08-14 00:12:48,142.104,142.104
2017-08-14 00:12:49,142.104,142.104
2017-08-14 00:12:51,142.104,142.104
2017-08-14 00:12:52,142.104,142.104
2017-08-14 00:12:53,142.104,142.104
2017-08-14 00:12:54,142.104,142.104
2017-08-14 00:12:55,142.104,142.104
2017-08-14 00:12:56,142.104,142.104
2017-08-14 00:12:58,142.104,142.104
2017-08-14 00:12:59,142.104,142.104
2017-08-14 00:13:00,142.104,142.104
2017-08-14 00:13:01,142.104,142.104
2017-08-14 00:13:02,142.104,142.104
2017-08-14 00:13:03,142.104,142.104
2017-08-14 00:13:05,142.104,142.104
2017-08-14 00:13:06,142.104,142.104
2017-08-14 00:13:07,142.104,142.104
2017-08-14 00:13:08,142.104,142.104
2017-08-14 00:13:09,142.104,142.104
2017-08-14 00:13:11,142.104,142.104
2017-08-14 00:13:12,142.104,142.104
2017-08-14 00:13:13,142.104,142.104
2017-08-14 00:13:14,142.104,142.104
2017-08-14 00:13:15,142.104,142.104
2017-08-14 00:13:16,142.104,142.104
2017-08-14 00:13:18,142.104,142.104
2017-08-14 00:13:19,142.104,142.104
2017-08-14 00:13:20,142.104,142.104
2017-08-14 00:13:21,142.104,142.104
2017-08-14 00:13:22,142.104,142.104
2017-08-14 00:13:24,142.104,142.104
2017-08-14 00:13:25,142.104,142.104
2017-08-14 00:13:26,142.104,142.104
2017-08-14 00:13:27,142.104,142.104
2017-08-14 00:13:28,142.104,142.104
2017-08-14 00:13:29,142.104,142.104
2017-08-14 00:13:31,142.104,142.104
2017-08-14 00:13:32,142.104,142.104
2017-08-14 00:13:33,142.104,142.104
2017-08-14 00:13:34,142.104,142.104
2017-08-14 00:13:35,142.104,142.104
2017-08-14 00:13:36,142.104,142.104
2017-08-14 00:13:38,142.104,142.104
2017-08-14 00:13:39,142.104,142.104
2017-08-14 00:13:40,142.104,142.104
2017-08-14 00:13:41,142.104,142.104
2017-08-14 00:13:42,142.104,142.104
2017-08-14 00:13:44,142.104,142.104
2017-08-14 00:13:45,142.104,142.104
2017-08-14 00:13:46,142.104,142.104
2017-08-14 00:13:47,142.104,142.104
2017-08-14 00:13:48,142.104,142.104
2017-08-14 00:13:49,142.104,142.104
2017-08-14 00:13:51,142.104,142.104
2017-08-14 00:13:52,142.104,142.104
2017-08-14 00:13:53,142.104,142.104
2017-08-14 00:13:54,142.104,142.104
2017-08-14 00:13:55,142.104,142.104
2017-08-14 00:13:56,142.104,142.104
2017-08-14 00:13:58,142.104,142.104
2017-08-14 00:13:59,142.104,142.104
2017-08-14 00:14:00,142.104,142.104
2017-08-14 00:14:01,142.104,142.104
2017-08-14 00:14:02,142.104,142.104
2017-08-14 00:14:04,142.104,142.104
2017-08-14 00:14:05,142.104,142.104
2017-08-14 00:14:06,142.104,142.104
2017-08-14 00:14:07,142.104,142.104
2017-08-14 00:14:08,142.104,142.104
2017-08-14 00:14:09,142.104,142.104
2017-08-14 00:14:11,142.104,142.104
2017-08-14 00:14:12,142.104,142.104
2017-08-14 00:14:13,142.104,142.104
2017-08-14 00:14:14,142.104,142.104
2017-08-14 00:14:15,142.104,142.104
2017-08-14 00:14:16,142.104,142.104
2017-08-14 00:14:18,142.104,142.104
2017-08-14 00:14:19,142.104,142.104
2017-08-14 00:14:20,142.104,142.104
2017-08-14 00:14:21,142.104,142.104
2017-08-14 00:14:22,142.104,142.104
2017-08-14 00:14:24,142.104,142.104
2017-08-14 00:14:25,142.104,142.104
2017-08-14 00:14:26,142.104,142.104
2017-08-14 00:14:27,142.104,142.104
2017-08-14 00:14:28,142.104,142.104
2017-08-14 00:14:29,142.104,142.104
2017-08-14 00:14:31,142.104,142.104
2017-08-14 00:14:32,142.104,142.104
2017-08-14 00:14:33,142.104,142.104
2017-08-14 00:14:34,142.104,142.104
2017-08-14 00:14:35,142.104,142.104
2017-08-14 00:14:37,142.104,142.104
2017-08-14 00:14:38,142.104,142.104
2017-08-14 00:14:39,142.104,142.104
2017-08-14 00:14:40,142.104,142.104
2017-08-14 00:14:41,142.104,142.104
2017-08-14 00:14:42,142.104,142.104
2017-08-14 00:14:44,142.104,142.104
2017-08-14 00:14:45,142.104,142.104
2017-08-14 00:14:46,142.104,142.104
2017-08-14 00:14:47,142.104,142.104
2017-08-14 00:14:48,142.104,142.104
2017-08-14 00:14:49,142.104,142.104
2017-08-14 00:14:51,142.104,142.104
2017-08-14 00:14:52,142.104,142.104
2017-08-14 00:14:53,142.104,142.104
2017-08-14 00:14:54,142.104,142.104
2017-08-14 00:14:55,142.104,142.104
2017-08-14 00:14:57,142.104,142.104
2017-08-14 00:14:58,142.104,142.104
2017-08-14 00:14:59,142.104,142.104
2017-08-14 00:15:00,142.104,142.104
2017-08-14 00:15:01,142.104,142.104
2017-08-14 00:15:02,142.104,142.104
2017-08-14 00:15:04,142.104,142.104
2017-08-14 00:15:05,142.104,142.104
2017-08-14 00:15:06,142.104,142.104
2017-08-14 00:15:07,142.104,142.104
2017-08-14 00:15:08,142.104,142.104
2017-08-14 00:15:09,142.104,142.104
2017-08-14 00:15:11,142.104,142.104
2017-08-14 00:15:12,142.104,142.104
2017-08-14 00:15:13,142.104,142.104
2017-08-14 00:15:14,142.104,142.104
2017-08-14 00:15:15,142.104,142.104
2017-08-14 00:15:17,142.104,142.104
2017-08-14 00:15:18,142.104,142.104
2017-08-14 00:15:19,142.104,142.104
2017-08-14 00:15:20,142.104,142.104
2017-08-14 00:15:21,142.104,142.104
2017-08-14 00:15:22,142.104,142.104
2017-08-14 00:15:24,142.104,142.104
2017-08-14 00:15:25,142.104,142.104
2017-08-14 00:15:26,142.104,142.104
2017-08-14 00:15:27,142.104,142.104
2017-08-14 00:15:28,142.104,142.104
2017-08-14 00:15:30,142.104,142.104
2017-08-14 00:15:31,142.104,142.104
2017-08-14 00:15:32,142.104,142.104
2017-08-14 00:15:33,142.104,142.104
2017-08-14 00:15:34,142.104,142.104
2017-08-14 00:15:35,142.104,142.104
2017-08-14 00:15:37,142.104,142.104
2017-08-14 00:15:38,142.104,142.104
2017-08-14 00:15:39,142.104,142.104
2017-08-14 00:15:40,142.104,142.104
2017-08-14 00:15:41,142.104,142.104
2017-08-14 00:15:42,142.104,142.104
2017-08-14 00:15:44,142.104,142.104
2017-08-14 00:15:45,142.104,142.104
2017-08-14 00:15:46,142.104,142.104
2017-08-14 00:15:47,142.104,142.104
2017-08-14 00:15:48,142.104,142.104
2017-08-14 00:15:50,142.104,142.104
2017-08-14 00:15:51,142.104,142.104
2017-08-14 00:15:52,142.104,142.104
2017-08-14 00:15:53,142.104,142.104
2017-08-14 00:15:54,142.104,142.104
2017-08-14 00:15:55,142.104,142.104
2017-08-14 00:15:57,142.104,142.104
2017-08-14 00:15:58,142.104,142.104
2017-08-14 00:15:59,142.104,142.104
2017-08-14 00:16:00,142.104,142.104
2017-08-14 00:16:01,142.104,142.104
2017-08-14 00:16:02,142.104,142.104
2017-08-14 00:16:04,142.104,142.104
2017-08-14 00:16:05,142.104,142.104
2017-08-14 00:16:06,142.104,142.104
2017-08-14 00:16:07,142.104,142.104
2017-08-14 00:16:08,142.104,142.104
2017-08-14 00:16:10,142.104,142.104
2017-08-14 00:16:11,142.104,142.104
2017-08-14 00:16:12,142.104,142.104
2017-08-14 00:16:13,142.104,142.104
2017-08-14 00:16:14,142.104,142.104
2017-08-14 00:16:15,142.104,142.104
2017-08-14 00:16:17,142.104,142.104
2017-08-14 00:16:18,142.104,142.104
2017-08-14 00:16:19,142.104,142.104
2017-08-14 00:16:20,142.104,142.104
2017-08-14 00:16:21,142.104,142.104
2017-08-14 00:16:23,142.104,142.104
2017-08-14 00:16:24,142.104,142.104
2017-08-14 00:16:25,142.104,142.104
2017-08-14 00:16:26,142.104,142.104
2017-08-14 00:16:27,142.104,142.104
2017-08-14 00:16:28,142.104,142.104
2017-08-14 00:16:30,142.104,142.104
2017-08-14 00:16:31,142.104,142.104
2017-08-14 00:16:32,142.104,142.104
2017-08-14 00:16:33,142.104,142.104
2017-08-14 00:16:34,142.104,142.104
2017-08-14 00:16:35,142.104,142.104
2017-08-14 00:16:37,142.104,142.104
2017-08-14 00:16:38,142.104,142.104
2017-08-14 00:16:39,142.104,142.104
2017-08-14 00:16:40,142.104,142.104
2017-08-14 00:16:41,142.104,142.104
2017-08-14 00:16:43,142.104,142.104
2017-08-14 00:16:44,142.104,142.104
2017-08-14 00:16:45,142.104,142.104
2017-08-14 00:16:46,142.104,142.104
2017-08-14 00:16:47,142.104,142.104
2017-08-14 00:16:48,142.104,142.104
2017-08-14 00:16:50,142.104,142.104
2017-08-14 00:16:51,142.104,142.104
2017-08-14 00:16:52,142.104,142.104
2017-08-14 00:16:53,142.104,142.104
2017-08-14 00:16:54,142.104,142.104
2017-08-14 00:16:55,142.104,142.104
2017-08-14 00:16:57,142.104,142.104
2017-08-14 00:16:58,142.104,142.104
2017-08-14 00:16:59,142.104,142.104
2017-08-14 00:17:00,142.104,142.104
2017-08-14 00:17:01,142.104,142.104
2017-08-14 00:17:03,142.104,142.104
2017-08-14 00:17:04,142.104,142.104
2017-08-14 00:17:05,142.104,142.104
2017-08-14 00:17:06,142.104,142.104
2017-08-14 00:17:07,142.104,142.104
2017-08-14 00:17:08,142.104,142.104
2017-08-14 00:17:10,142.104,142.104
2017-08-14 00:17:11,142.104,142.104
2017-08-14 00:17:12,142.104,142.104
2017-08-14 00:17:13,142.104,142.104
2017-08-14 00:17:14,142.104,142.104
2017-08-14 00:17:15,142.104,142.104
2017-08-14 00:17:17,142.104,142.104
2017-08-14 00:17:18,142.104,142.104
2017-08-14 00:17:19,142.104,142.104
2017-08-14 00:17:20,142.104,142.104
2017-08-14 00:17:21,142.104,142.104
2017-08-14 00:17:23,142.104,142.104
2017-08-14 00:17:24,142.104,142.104
2017-08-14 00:17:25,142.104,142.104
2017-08-14 00:17:26,142.104,142.104
2017-08-14 00:17:27,142.104,142.104
2017-08-14 00:17:28,142.104,142.104
2017-08-14 00:17:30,142.104,142.104
2017-08-14 00:17:31,142.104,142.104
2017-08-14 00:17:32,142.104,142.104
2017-08-14 00:17:33,142.104,142.104
2017-08-14 00:17:34,142.104,142.104
2017-08-14 00:17:36,142.104,142.104
2017-08-14 00:17:37,142.104,142.104
2017-08-14 00:17:38,142.104,142.104
2017-08-14 00:17:39,142.104,142.104
2017-08-14 00:17:40,142.104,142.104
2017-08-14 00:17:41,142.104,142.104
2017-08-14 00:17:43,142.104,142.104
2017-08-14 00:17:44,142.104,142.104
2017-08-14 00:17:45,142.104,142.104
2017-08-14 00:17:46,142.104,142.104
2017-08-14 00:17:47,142.104,142.104
2017-08-14 00:17:48,142.104,142.104
2017-08-14 00:17:50,142.104,142.104
2017-08-14 00:17:51,142.104,142.104
2017-08-14 00:17:52,142.104,142.104
2017-08-14 00:17:53,142.104,142.104
2017-08-14 00:17:54,142.104,142.104
2017-08-14 00:17:56,142.104,142.104
2017-08-14 00:17:57,142.104,142.104
2017-08-14 00:17:58,142.104,142.104
2017-08-14 00:17:59,142.104,142.104
2017-08-14 00:18:00,142.104,142.104
2017-08-14 00:18:01,142.104,142.104
2017-08-14 00:18:03,142.104,142.104
2017-08-14 00:18:04,142.104,142.104
2017-08-14 00:18:05,142.104,142.104
2017-08-14 00:18:06,142.104,142.104
2017-08-14 00:18:07,142.104,142.104
2017-08-14 00:18:08,142.104,142.104
2017-08-14 00:18:10,142.104,142.104
2017-08-14 00:18:11,142.104,142.104
2017-08-14 00:18:12,142.104,142.104
2017-08-14 00:18:13,142.104,142.104
2017-08-14 00:18:14,142.104,142.104
2017-08-14 00:18:16,142.104,142.104
2017-08-14 00:18:17,142.104,142.104
2017-08-14 00:18:18,142.104,142.104
2017-08-14 00:18:19,142.104,142.104
2017-08-14 00:18:20,142.104,142.104
2017-08-14 00:18:21,142.104,142.104
2017-08-14 00:18:23,142.104,142.104
2017-08-14 00:18:24,142.104,142.104
2017-08-14 00:18:25,142.104,142.104
2017-08-14 00:18:26,142.104,142.104
2017-08-14 00:18:27,142.104,142.104
2017-08-14 00:18:28,142.104,142.104
2017-08-14 00:18:30,142.104,142.104
2017-08-14 00:18:31,142.104,142.104
2017-08-14 00:18:32,142.104,142.104
2017-08-14 00:18:33,142.104,142.104
2017-08-14 00:18:34,142.104,142.104
2017-08-14 00:18:36,142.104,142.104
2017-08-14 00:18:37,142.104,142.104
2017-08-14 00:18:38,142.104,142.104
2017-08-14 00:18:39,142.104,142.104
2017-08-14 00:18:40,142.104,142.104
2017-08-14 00:18:41,142.104,142.104
2017-08-14 00:18:43,142.104,142.104
2017-08-14 00:18:44,142.104,142.104
2017-08-14 00:18:45,142.104,142.104
2017-08-14 00:18:46,142.104,142.104
2017-08-14 00:18:47,142.104,142.104
2017-08-14 00:18:49,142.104,142.104
2017-08-14 00:18:50,142.104,142.104
2017-08-14 00:18:51,142.104,142.104
2017-08-14 00:18:52,142.104,142.104
2017-08-14 00:18:53,142.104,142.104
2017-08-14 00:18:54,142.104,142.104
2017-08-14 00:18:56,142.104,142.104
2017-08-14 00:18:57,142.104,142.104
2017-08-14 00:18:58,142.104,142.104
2017-08-14 00:18:59,142.104,142.104
2017-08-14 00:19:00,142.104,142.104
2017-08-14 00:19:01,142.104,142.104
2017-08-14 00:19:03,142.104,142.104
2017-08-14 00:19:04,142.104,142.104
2017-08-14 00:19:05,142.104,142.104
2017-08-14 00:19:06,142.104,142.104
2017-08-14 00:19:07,142.104,142.104
2017-08-14 00:19:09,142.104,142.104
2017-08-14 00:19:10,142.104,142.104
2017-08-14 00:19:11,142.104,142.104
2017-08-14 00:19:12,142.104,142.104
2017-08-14 00:19:13,142.104,142.104
2017-08-14 00:19:14,142.104,142.104
2017-08-14 00:19:16,142.104,142.104
2017-08-14 00:19:17,142.104,142.104
2017-08-14 00:19:18,142.104,142.104
2017-08-14 00:19:19,142.104,142.104
2017-08-14 00:19:20,142.104,142.104
2017-08-14 00:19:21,142.104,142.104
2017-08-14 00:19:23,142.104,142.104
2017-08-14 00:19:24,142.104,142.104
2017-08-14 00:19:25,142.104,142.104
2017-08-14 00:19:26,142.104,142.104
2017-08-14 00:19:27,142.104,142.104
2017-08-14 00:19:29,142.104,142.104
2017-08-14 00:19:30,142.104,142.104
2017-08-14 00:19:31,142.104,142.104
2017-08-14 00:19:32,142.104,142.104
2017-08-14 00:19:33,142.104,142.104
2017-08-14 00:19:34,142.104,142.104
2017-08-14 00:19:36,142.104,142.104
2017-08-14 00:19:37,142.104,142.104
2017-08-14 00:19:38,142.104,142.104
2017-08-14 00:19:39,142.104,142.104
2017-08-14 00:19:40,142.104,142.104
2017-08-14 00:19:41,142.104,142.104
2017-08-14 00:19:43,142.104,142.104
2017-08-14 00:19:44,142.104,142.104
2017-08-14 00:19:45,142.104,142.104
2017-08-14 00:19:46,142.104,142.104
2017-08-14 00:19:47,142.104,142.104
2017-08-14 00:19:49,142.104,142.104
2017-08-14 00:19:50,142.104,142.104
2017-08-14 00:19:51,142.104,142.104
2017-08-14 00:19:52,142.104,142.104
2017-08-14 00:19:53,142.104,142.104
2017-08-14 00:19:54,142.104,142.104
2017-08-14 00:19:56,142.104,142.104
2017-08-14 00:19:57,142.104,142.104
2017-08-14 00:19:58,142.104,142.104
2017-08-14 00:19:59,142.104,142.104
2017-08-14 00:20:00,142.104,142.104
2017-08-14 00:20:01,142.104,142.104
2017-08-14 00:20:03,142.104,142.104
2017-08-14 00:20:04,142.104,142.104
2017-08-14 00:20:05,142.104,142.104
2017-08-14 00:20:06,142.104,142.104
2017-08-14 00:20:07,142.104,142.104
2017-08-14 00:20:09,142.104,142.104
2017-08-14 00:20:10,142.104,142.104
2017-08-14 00:20:11,142.104,142.104
2017-08-14 00:20:12,142.104,142.104
2017-08-14 00:20:13,142.104,142.104
2017-08-14 00:20:14,142.104,142.104
2017-08-14 00:20:16,142.104,142.104
2017-08-14 00:20:17,142.104,142.104
2017-08-14 00:20:18,142.104,142.104
2017-08-14 00:20:19,142.104,142.104
2017-08-14 00:20:20,142.104,142.104
2017-08-14 00:20:22,142.104,142.104
2017-08-14 00:20:23,142.104,142.104
2017-08-14 00:20:24,142.104,142.104
2017-08-14 00:20:25,142.104,142.104
2017-08-14 00:20:26,142.104,142.104
2017-08-14 00:20:27,142.104,142.104
2017-08-14 00:20:29,142.104,142.104
2017-08-14 00:20:30,142.104,142.104
2017-08-14 00:20:31,142.104,142.104
2017-08-14 00:20:32,142.104,142.104
2017-08-14 00:20:33,142.104,142.104
2017-08-14 00:20:34,142.104,142.104
2017-08-14 00:20:36,142.104,142.104
2017-08-14 00:20:37,142.104,142.104
2017-08-14 00:20:38,142.104,142.104
2017-08-14 00:20:39,142.104,142.104
2017-08-14 00:20:40,142.104,142.104
2017-08-14 00:20:42,142.104,142.104
2017-08-14 00:20:43,142.104,142.104
2017-08-14 00:20:44,142.104,142.104
2017-08-14 00:20:45,142.104,142.104
2017-08-14 00:20:46,142.104,142.104
2017-08-14 00:20:47,142.104,142.104
2017-08-14 00:20:49,142.104,142.104
2017-08-14 00:20:50,142.104,142.104
2017-08-14 00:20:51,142.104,142.104
2017-08-14 00:20:52,142.104,142.104
2017-08-14 00:20:53,142.104,142.104
2017-08-14 00:20:54,142.104,142.104
2017-08-14 00:20:56,142.104,142.104
2017-08-14 00:20:57,142.104,142.104
2017-08-14 00:20:58,142.104,142.104
2017-08-14 00:20:59,142.104,142.104
2017-08-14 00:21:00,142.104,142.104
2017-08-14 00:21:02,142.104,142.104
2017-08-14 00:21:03,142.104,142.104
2017-08-14 00:21:04,142.104,142.104
2017-08-14 00:21:05,142.104,142.104
2017-08-14 00:21:06,142.104,142.104
2017-08-14 00:21:07,142.104,142.104
2017-08-14 00:21:09,142.104,142.104
2017-08-14 00:21:10,142.104,142.104
2017-08-14 00:21:11,142.104,142.104
2017-08-14 00:21:12,142.104,142.104
2017-08-14 00:21:13,142.104,142.104
2017-08-14 00:21:15,142.104,142.104
2017-08-14 00:21:16,142.104,142.104
2017-08-14 00:21:17,142.104,142.104
2017-08-14 00:21:18,142.104,142.104
2017-08-14 00:21:19,142.104,142.104
2017-08-14 00:21:20,142.104,142.104
2017-08-14 00:21:22,142.104,142.104
2017-08-14 00:21:23,142.104,142.104
2017-08-14 00:21:24,142.104,142.104
2017-08-14 00:21:25,142.104,142.104
2017-08-14 00:21:26,142.104,142.104
2017-08-14 00:21:27,142.104,142.104
2017-08-14 00:21:29,142.104,142.104
2017-08-14 00:21:30,142.104,142.104
2017-08-14 00:21:31,142.104,142.104
2017-08-14 00:21:32,142.104,142.104
2017-08-14 00:21:33,142.104,142.104
2017-08-14 00:21:35,142.104,142.104
2017-08-14 00:21:36,142.104,142.104
2017-08-14 00:21:37,142.104,142.104
2017-08-14 00:21:38,142.104,142.104
2017-08-14 00:21:39,142.104,142.104
2017-08-14 00:21:40,142.104,142.104
2017-08-14 00:21:42,142.104,142.104
2017-08-14 00:21:43,142.104,142.104
2017-08-14 00:21:44,142.104,142.104
2017-08-14 00:21:45,142.104,142.104
2017-08-14 00:21:46,142.104,142.104
2017-08-14 00:21:47,142.104,142.104
2017-08-14 00:21:49,142.104,142.104
2017-08-14 00:21:50,142.104,142.104
2017-08-14 00:21:51,142.104,142.104
2017-08-14 00:21:52,142.104,142.104
2017-08-14 00:21:53,142.104,142.104
2017-08-14 00:21:55,142.104,142.104
2017-08-14 00:21:56,142.104,142.104
2017-08-14 00:21:57,142.104,142.104
2017-08-14 00:21:58,142.104,142.104
2017-08-14 00:21:59,142.104,142.104
2017-08-14 00:22:00,142.104,142.104
2017-08-14 00:22:02,142.104,142.104
2017-08-14 00:22:03,142.104,142.104
2017-08-14 00:22:04,142.104,142.104
2017-08-14 00:22:05,142.104,142.104
2017-08-14 00:22:06,142.104,142.104
2017-08-14 00:22:07,142.104,142.104
2017-08-14 00:22:09,142.104,142.104
2017-08-14 00:22:10,142.104,142.104
2017-08-14 00:22:11,142.104,142.104
2017-08-14 00:22:12,142.104,142.104
2017-08-14 00:22:13,142.104,142.104
2017-08-14 00:22:15,142.104,142.104
2017-08-14 00:22:16,142.104,142.104
2017-08-14 00:22:17,142.104,142.104
2017-08-14 00:22:18,142.104,142.104
2017-08-14 00:22:19,142.104,142.104
2017-08-14 00:22:20,142.104,142.104
2017-08-14 00:22:22,142.104,142.104
2017-08-14 00:22:23,142.104,142.104
2017-08-14 00:22:24,142.104,142.104
2017-08-14 00:22:25,142.104,142.104
2017-08-14 00:22:26,142.104,142.104
2017-08-14 00:22:28,142.104,142.104
2017-08-14 00:22:29,142.104,142.104
2017-08-14 00:22:30,142.104,142.104
2017-08-14 00:22:31,142.104,142.104
2017-08-14 00:22:32,142.104,142.104
2017-08-14 00:22:33,142.104,142.104
2017-08-14 00:22:35,142.104,142.104
2017-08-14 00:22:36,142.104,142.104
2017-08-14 00:22:37,142.104,142.104
2017-08-14 00:22:38,142.104,142.104
2017-08-14 00:22:39,142.104,142.104
2017-08-14 00:22:40,142.104,142.104
2017-08-14 00:22:42,142.104,142.104
2017-08-14 00:22:43,142.104,142.104
2017-08-14 00:22:44,142.104,142.104
2017-08-14 00:22:45,142.104,142.104
2017-08-14 00:22:46,142.104,142.104
2017-08-14 00:22:48,142.104,142.104
2017-08-14 00:22:49,142.104,142.104
2017-08-14 00:22:50,142.104,142.104
2017-08-14 00:22:51,142.104,142.104
2017-08-14 00:22:52,142.104,142.104
2017-08-14 00:22:53,142.104,142.104
2017-08-14 00:22:55,142.104,142.104
2017-08-14 00:22:56,142.104,142.104
2017-08-14 00:22:57,142.104,142.104
2017-08-14 00:22:58,142.104,142.104
2017-08-14 00:22:59,142.104,142.104
2017-08-14 00:23:00,142.104,142.104
2017-08-14 00:23:02,142.104,142.104
2017-08-14 00:23:03,142.104,142.104
2017-08-14 00:23:04,142.104,142.104
2017-08-14 00:23:05,142.104,142.104
2017-08-14 00:23:06,142.104,142.104
2017-08-14 00:23:08,142.104,142.104
2017-08-14 00:23:09,142.104,142.104
2017-08-14 00:23:10,142.104,142.104
2017-08-14 00:23:11,142.104,142.104
2017-08-14 00:23:12,142.104,142.104
2017-08-14 00:23:13,142.104,142.104
2017-08-14 00:23:15,142.104,142.104
2017-08-14 00:23:16,142.104,142.104
2017-08-14 00:23:17,142.104,142.104
2017-08-14 00:23:18,142.104,142.104
2017-08-14 00:23:19,142.104,142.104
2017-08-14 00:23:20,142.104,142.104
2017-08-14 00:23:22,142.104,142.104
2017-08-14 00:23:23,142.104,142.104
2017-08-14 00:23:24,142.104,142.104
2017-08-14 00:23:25,142.104,142.104
2017-08-14 00:23:26,142.104,142.104
2017-08-14 00:23:28,142.104,142.104
2017-08-14 00:23:29,142.104,142.104
2017-08-14 00:23:30,142.104,142.104
2017-08-14 00:23:31,142.104,142.104
2017-08-14 00:23:32,142.104,142.104
2017-08-14 00:23:33,142.104,142.104
2017-08-14 00:23:35,142.104,142.104
2017-08-14 00:23:36,142.104,142.104
2017-08-14 00:23:37,142.104,142.104
2017-08-14 00:23:38,142.104,142.104
2017-08-14 00:23:39,142.104,142.104
2017-08-14 00:23:41,142.104,142.104
2017-08-14 00:23:42,142.104,142.104
2017-08-14 00:23:43,142.104,142.104
2017-08-14 00:23:44,142.104,142.104
2017-08-14 00:23:45,142.104,142.104
2017-08-14 00:23:46,142.104,142.104
2017-08-14 00:23:48,142.104,142.104
2017-08-14 00:23:49,142.104,142.104
2017-08-14 00:23:50,142.104,142.104
2017-08-14 00:23:51,142.104,142.104
2017-08-14 00:23:52,142.104,142.104
2017-08-14 00:23:53,142.104,142.104
2017-08-14 00:23:55,142.104,142.104
2017-08-14 00:23:56,142.104,142.104
2017-08-14 00:23:57,142.104,142.104
2017-08-14 00:23:58,142.104,142.104
2017-08-14 00:23:59,142.104,142.104
2017-08-14 00:24:01,142.104,142.104
2017-08-14 00:24:02,142.104,142.104
2017-08-14 00:24:03,142.104,142.104
2017-08-14 00:24:04,142.104,142.104
2017-08-14 00:24:05,142.104,142.104
2017-08-14 00:24:06,142.104,142.104
2017-08-14 00:24:08,142.104,142.104
2017-08-14 00:24:09,142.104,142.104
2017-08-14 00:24:10,142.104,142.104
2017-08-14 00:24:11,142.104,142.104
2017-08-14 00:24:12,142.104,142.104
2017-08-14 00:24:13,142.104,142.104
2017-08-14 00:24:15,142.104,142.104
2017-08-14 00:24:16,142.104,142.104
2017-08-14 00:24:17,142.104,142.104
2017-08-14 00:24:18,142.104,142.104
2017-08-14 00:24:19,142.104,142.104
2017-08-14 00:24:21,142.104,142.104
2017-08-14 00:24:22,142.104,142.104
2017-08-14 00:24:23,142.104,142.104
2017-08-14 00:24:24,142.104,142.104
2017-08-14 00:24:25,142.104,142.104
2017-08-14 00:24:26,142.104,142.104
2017-08-14 00:24:28,142.104,142.104
2017-08-14 00:24:29,142.104,142.104
2017-08-14 00:24:30,142.104,142.104
2017-08-14 00:24:31,142.104,142.104
2017-08-14 00:24:32,142.104,142.104
2017-08-14 00:24:33,142.104,142.104
2017-08-14 00:24:35,142.104,142.104
2017-08-14 00:24:36,142.104,142.104
2017-08-14 00:24:37,142.104,142.104
2017-08-14 00:24:38,142.104,142.104
2017-08-14 00:24:39,142.104,142.104
2017-08-14 00:24:41,142.104,142.104
2017-08-14 00:24:42,142.104,142.104
2017-08-14 00:24:43,142.104,142.104
2017-08-14 00:24:44,142.104,142.104
2017-08-14 00:24:45,142.104,142.104
2017-08-14 00:24:46,142.104,142.104
2017-08-14 00:24:48,142.104,142.104
2017-08-14 00:24:49,142.104,142.104
2017-08-14 00:24:50,142.104,142.104
2017-08-14 00:24:51,142.104,142.104
2017-08-14 00:24:52,142.104,142.104
2017-08-14 00:24:54,142.104,142.104
2017-08-14 00:24:55,142.104,142.104
2017-08-14 00:24:56,142.104,142.104
2017-08-14 00:24:57,142.104,142.104
2017-08-14 00:24:58,142.104,142.104
2017-08-14 00:24:59,142.104,142.104
2017-08-14 00:25:01,142.104,142.104
2017-08-14 00:25:02,142.104,142.104
2017-08-14 00:25:03,142.104,142.104
2017-08-14 00:25:04,142.104,142.104
2017-08-14 00:25:05,142.104,142.104
2017-08-14 00:25:06,142.104,142.104
2017-08-14 00:25:08,142.104,142.104
2017-08-14 00:25:09,142.104,142.104
2017-08-14 00:25:10,142.104,142.104
2017-08-14 00:25:11,142.104,142.104
2017-08-14 00:25:12,142.104,142.104
2017-08-14 00:25:14,142.104,142.104
2017-08-14 00:25:15,142.104,142.104
2017-08-14 00:25:16,142.104,142.104
2017-08-14 00:25:17,142.104,142.104
2017-08-14 00:25:18,142.104,142.104
2017-08-14 00:25:19,142.104,142.104
2017-08-14 00:25:21,142.104,142.104
2017-08-14 00:25:22,142.104,142.104
2017-08-14 00:25:23,142.104,142.104
2017-08-14 00:25:24,142.104,142.104
2017-08-14 00:25:25,142.104,142.104
2017-08-14 00:25:26,142.104,142.104
2017-08-14 00:25:28,142.104,142.104
2017-08-14 00:25:29,142.104,142.104
2017-08-14 00:25:30,142.104,142.104
2017-08-14 00:25:31,142.104,142.104
2017-08-14 00:25:32,142.104,142.104
2017-08-14 00:25:34,142.104,142.104
2017-08-14 00:25:35,142.104,142.104
2017-08-14 00:25:36,142.104,142.104
2017-08-14 00:25:37,142.104,142.104
2017-08-14 00:25:38,142.104,142.104
2017-08-14 00:25:39,142.104,142.104
2017-08-14 00:25:41,142.104,142.104
2017-08-14 00:25:42,142.104,142.104
2017-08-14 00:25:43,142.104,142.104
2017-08-14 00:25:44,142.104,142.104
2017-08-14 00:25:45,142.104,142.104
2017-08-14 00:25:46,142.104,142.104
2017-08-14 00:25:48,142.104,142.104
2017-08-14 00:25:49,142.104,142.104
2017-08-14 00:25:50,142.104,142.104
2017-08-14 00:25:51,142.104,142.104
2017-08-14 00:25:52,142.104,142.104
2017-08-14 00:25:54,142.104,142.104
2017-08-14 00:25:55,142.104,142.104
2017-08-14 00:25:56,142.104,142.104
2017-08-14 00:25:57,142.104,142.104
2017-08-14 00:25:58,142.104,142.104
2017-08-14 00:25:59,142.104,142.104
2017-08-14 00:26:01,142.104,142.104
2017-08-14 00:26:02,142.104,142.104
2017-08-14 00:26:03,142.104,142.104
2017-08-14 00:26:04,142.104,142.104
2017-08-14 00:26:05,142.104,142.104
2017-08-14 00:26:07,142.104,142.104
2017-08-14 00:26:08,142.104,142.104
2017-08-14 00:26:09,142.104,142.104
2017-08-14 00:26:10,142.104,142.104
2017-08-14 00:26:11,142.104,142.104
2017-08-14 00:26:13,142.104,142.104
2017-08-14 00:26:14,142.104,142.104
2017-08-14 00:26:15,142.104,142.104
2017-08-14 00:26:16,142.104,142.104
2017-08-14 00:26:17,142.104,142.104
2017-08-14 00:26:18,142.104,142.104
2017-08-14 00:26:20,142.104,142.104
2017-08-14 00:26:21,142.104,142.104
2017-08-14 00:26:22,142.104,142.104
2017-08-14 00:26:23,142.104,142.104
2017-08-14 00:26:24,142.104,142.104
2017-08-14 00:26:25,142.104,142.104
2017-08-14 00:26:27,142.104,142.104
2017-08-14 00:26:28,142.104,142.104
2017-08-14 00:26:29,142.104,142.104
2017-08-14 00:26:30,142.104,142.104
2017-08-14 00:26:31,142.104,142.104
2017-08-14 00:26:33,142.104,142.104
2017-08-14 00:26:34,142.104,142.104
2017-08-14 00:26:35,142.104,142.104
2017-08-14 00:26:36,142.104,142.104
2017-08-14 00:26:37,142.104,142.104
2017-08-14 00:26:38,142.104,142.104
2017-08-14 00:26:40,142.104,142.104
2017-08-14 00:26:41,142.104,142.104
2017-08-14 00:26:42,142.104,142.104
2017-08-14 00:26:43,142.104,142.104
2017-08-14 00:26:44,142.104,142.104
2017-08-14 00:26:45,142.104,142.104
2017-08-14 00:26:47,142.104,142.104
2017-08-14 00:26:48,142.104,142.104
2017-08-14 00:26:49,142.104,142.104
2017-08-14 00:26:50,142.104,142.104
2017-08-14 00:26:51,142.104,142.104
2017-08-14 00:26:53,142.104,142.104
2017-08-14 00:26:54,142.104,142.104
2017-08-14 00:26:55,142.104,142.104
2017-08-14 00:26:56,142.104,142.104
2017-08-14 00:26:57,142.104,142.104
2017-08-14 00:26:58,142.104,142.104
2017-08-14 00:27:00,142.104,142.104
2017-08-14 00:27:01,142.104,142.104
2017-08-14 00:27:02,142.104,142.104
2017-08-14 00:27:03,142.104,142.104
2017-08-14 00:27:04,142.104,142.104
2017-08-14 00:27:05,142.104,142.104
2017-08-14 00:27:07,142.104,142.104
2017-08-14 00:27:08,142.104,142.104
2017-08-14 00:27:09,142.104,142.104
2017-08-14 00:27:10,142.104,142.104
2017-08-14 00:27:11,142.104,142.104
2017-08-14 00:27:13,142.104,142.104
2017-08-14 00:27:14,142.104,142.104
2017-08-14 00:27:15,142.104,142.104
2017-08-14 00:27:16,142.104,142.104
2017-08-14 00:27:17,142.104,142.104
2017-08-14 00:27:18,142.104,142.104
2017-08-14 00:27:20,142.104,142.104
2017-08-14 00:27:21,142.104,142.104
2017-08-14 00:27:22,142.104,142.104
2017-08-14 00:27:23,142.104,142.104
2017-08-14 00:27:24,142.104,142.104
2017-08-14 00:27:26,142.104,142.104
2017-08-14 00:27:27,142.104,142.104
2017-08-14 00:27:28,142.104,142.104
2017-08-14 00:27:29,142.104,142.104
2017-08-14 00:27:30,142.104,142.104
2017-08-14 00:27:31,142.104,142.104
2017-08-14 00:27:33,142.104,142.104
2017-08-14 00:27:34,142.104,142.104
2017-08-14 00:27:35,142.104,142.104
2017-08-14 00:27:36,142.104,142.104
2017-08-14 00:27:37,142.104,142.104
2017-08-14 00:27:38,142.104,142.104
2017-08-14 00:27:40,142.104,142.104
2017-08-14 00:27:41,142.104,142.104
2017-08-14 00:27:42,142.104,142.104
2017-08-14 00:27:43,142.104,142.104
2017-08-14 00:27:44,142.104,142.104
2017-08-14 00:27:46,142.104,142.104
2017-08-14 00:27:47,142.104,142.104
2017-08-14 00:27:48,142.104,142.104
2017-08-14 00:27:49,142.104,142.104
2017-08-14 00:27:50,142.104,142.104
2017-08-14 00:27:51,142.104,142.104
2017-08-14 00:27:53,142.104,142.104
2017-08-14 00:27:54,142.104,142.104
2017-08-14 00:27:55,142.104,142.104
2017-08-14 00:27:56,142.104,142.104
2017-08-14 00:27:57,142.104,142.104
2017-08-14 00:27:58,142.104,142.104
2017-08-14 00:28:00,142.104,142.104
2017-08-14 00:28:01,142.104,142.104
2017-08-14 00:28:02,142.104,142.104
2017-08-14 00:28:03,142.104,142.104
2017-08-14 00:28:04,142.104,142.104
2017-08-14 00:28:06,142.104,142.104
2017-08-14 00:28:07,142.104,142.104
2017-08-14 00:28:08,142.104,142.104
2017-08-14 00:28:09,142.104,142.104
2017-08-14 00:28:10,142.104,142.104
2017-08-14 00:28:12,142.104,142.104
2017-08-14 00:28:13,142.104,142.104
2017-08-14 00:28:14,142.104,142.104
2017-08-14 00:28:15,142.104,142.104
2017-08-14 00:28:16,142.104,142.104
2017-08-14 00:28:18,142.104,142.104
2017-08-14 00:28:19,142.104,142.104
2017-08-14 00:28:20,142.104,142.104
2017-08-14 00:28:21,142.104,142.104
2017-08-14 00:28:22,142.104,142.104
2017-08-14 00:28:23,142.104,142.104
2017-08-14 00:28:25,142.104,142.104
2017-08-14 00:28:26,142.104,142.104
2017-08-14 00:28:27,142.104,142.104
2017-08-14 00:28:28,142.104,142.104
2017-08-14 00:28:29,142.104,142.104
2017-08-14 00:28:30,142.104,142.104
2017-08-14 00:28:32,142.104,142.104
2017-08-14 00:28:33,142.104,142.104
2017-08-14 00:28:34,142.104,142.104
2017-08-14 00:28:35,142.104,142.104
2017-08-14 00:28:36,142.104,142.104
2017-08-14 00:28:38,142.104,142.104
2017-08-14 00:28:39,142.104,142.104
2017-08-14 00:28:40,142.104,142.104
2017-08-14 00:28:41,142.104,142.104
2017-08-14 00:28:42,142.104,142.104
2017-08-14 00:28:43,142.104,142.104
2017-08-14 00:28:45,142.104,142.104
2017-08-14 00:28:46,142.104,142.104
2017-08-14 00:28:47,142.104,142.104
2017-08-14 00:28:48,142.104,142.104
2017-08-14 00:28:49,142.104,142.104
2017-08-14 00:28:51,142.104,142.104
2017-08-14 00:28:52,142.104,142.104
2017-08-14 00:28:53,142.104,142.104
2017-08-14 00:28:54,142.104,142.104
2017-08-14 00:28:55,142.104,142.104
2017-08-14 00:28:56,142.104,142.104
2017-08-14 00:28:58,142.104,142.104
2017-08-14 00:28:59,142.104,142.104
2017-08-14 00:29:00,142.104,142.104
2017-08-14 00:29:01,142.104,142.104
2017-08-14 00:29:02,142.104,142.104
2017-08-14 00:29:03,142.104,142.104
2017-08-14 00:29:05,142.104,142.104
2017-08-14 00:29:06,142.104,142.104
2017-08-14 00:29:07,142.104,142.104
2017-08-14 00:29:08,142.104,142.104
2017-08-14 00:29:09,142.104,142.104
2017-08-14 00:29:11,142.104,142.104
2017-08-14 00:29:12,142.104,142.104
2017-08-14 00:29:13,142.104,142.104
2017-08-14 00:29:14,142.104,142.104
2017-08-14 00:29:15,142.104,142.104
2017-08-14 00:29:16,142.104,142.104
2017-08-14 00:29:18,142.104,142.104
2017-08-14 00:29:19,142.104,142.104
2017-08-14 00:29:20,142.104,142.104
2017-08-14 00:29:21,142.104,142.104
2017-08-14 00:29:22,142.104,142.104
2017-08-14 00:29:23,142.104,142.104
2017-08-14 00:29:25,142.104,142.104
2017-08-14 00:29:26,142.104,142.104
2017-08-14 00:29:27,142.104,142.104
2017-08-14 00:29:28,142.104,142.104
2017-08-14 00:29:29,142.104,142.104
2017-08-14 00:29:31,142.104,142.104
2017-08-14 00:29:32,142.104,142.104
2017-08-14 00:29:33,142.104,142.104
2017-08-14 00:29:34,142.104,142.104
2017-08-14 00:29:35,142.104,142.104
2017-08-14 00:29:36,142.104,142.104
2017-08-14 00:29:38,142.104,142.104
2017-08-14 00:29:39,142.104,142.104
2017-08-14 00:29:40,142.104,142.104
2017-08-14 00:29:41,142.104,142.104
2017-08-14 00:29:42,142.104,142.104
2017-08-14 00:29:43,142.104,142.104
2017-08-14 00:29:45,142.104,142.104
2017-08-14 00:29:46,142.104,142.104
2017-08-14 00:29:47,142.104,142.104
2017-08-14 00:29:48,142.104,142.104
2017-08-14 00:29:49,142.104,142.104
2017-08-14 00:29:51,142.104,142.104
2017-08-14 00:29:52,142.104,142.104
2017-08-14 00:29:53,142.104,142.104
2017-08-14 00:29:54,142.104,142.104
2017-08-14 00:29:55,142.104,142.104
2017-08-14 00:29:56,142.104,142.104
2017-08-14 00:29:58,142.104,142.104
2017-08-14 00:29:59,142.104,142.104
2017-08-14 00:30:00,142.104,142.104
2017-08-14 00:30:01,142.104,142.104
2017-08-14 00:30:02,142.104,142.104
2017-08-14 00:30:04,142.104,142.104
2017-08-14 00:30:05,142.104,142.104
2017-08-14 00:30:06,142.104,142.104
2017-08-14 00:30:07,142.104,142.104
2017-08-14 00:30:08,142.104,142.104
2017-08-14 00:30:09,142.104,142.104
2017-08-14 00:30:11,142.104,142.104
2017-08-14 00:30:12,142.104,142.104
2017-08-14 00:30:13,142.104,142.104
2017-08-14 00:30:14,142.104,142.104
2017-08-14 00:30:15,142.104,142.104
2017-08-14 00:30:16,142.104,142.104
2017-08-14 00:30:18,142.104,142.104
2017-08-14 00:30:19,142.104,142.104
2017-08-14 00:30:20,142.104,142.104
2017-08-14 00:30:21,142.104,142.104
2017-08-14 00:30:22,142.104,142.104
2017-08-14 00:30:24,142.104,142.104
2017-08-14 00:30:25,142.104,142.104
2017-08-14 00:30:26,142.104,142.104
2017-08-14 00:30:27,142.104,142.104
2017-08-14 00:30:28,142.104,142.104
2017-08-14 00:30:29,142.104,142.104
2017-08-14 00:30:31,142.104,142.104
2017-08-14 00:30:32,142.104,142.104
2017-08-14 00:30:33,142.104,142.104
2017-08-14 00:30:34,142.104,142.104
2017-08-14 00:30:35,142.104,142.104
2017-08-14 00:30:36,142.104,142.104
2017-08-14 00:30:38,142.104,142.104
2017-08-14 00:30:39,142.104,142.104
2017-08-14 00:30:40,142.104,142.104
2017-08-14 00:30:41,142.104,142.104
2017-08-14 00:30:42,142.104,142.104
2017-08-14 00:30:44,142.104,142.104
2017-08-14 00:30:45,142.104,142.104
2017-08-14 00:30:46,142.104,142.104
2017-08-14 00:30:47,142.104,142.104
2017-08-14 00:30:48,142.104,142.104
2017-08-14 00:30:49,142.104,142.104
2017-08-14 00:30:51,142.104,142.104
2017-08-14 00:30:52,142.104,142.104
2017-08-14 00:30:53,142.104,142.104
2017-08-14 00:30:54,142.104,142.104
2017-08-14 00:30:55,142.104,142.104
2017-08-14 00:30:57,142.104,142.104
2017-08-14 00:30:58,142.104,142.104
2017-08-14 00:30:59,142.104,142.104
2017-08-14 00:31:00,142.104,142.104
2017-08-14 00:31:01,142.104,142.104
2017-08-14 00:31:02,142.104,142.104
2017-08-14 00:31:04,142.104,142.104
2017-08-14 00:31:05,142.104,142.104
2017-08-14 00:31:06,142.104,142.104
2017-08-14 00:31:07,142.104,142.104
2017-08-14 00:31:08,142.104,142.104
2017-08-14 00:31:09,142.104,142.104
2017-08-14 00:31:11,142.104,142.104
2017-08-14 00:31:12,142.104,142.104
2017-08-14 00:31:13,142.104,142.104
2017-08-14 00:31:14,142.104,142.104
2017-08-14 00:31:15,142.104,142.104
2017-08-14 00:31:17,142.104,142.104
2017-08-14 00:31:18,142.104,142.104
2017-08-14 00:31:19,142.104,142.104
2017-08-14 00:31:20,142.104,142.104
2017-08-14 00:31:21,142.104,142.104
2017-08-14 00:31:22,142.104,142.104
2017-08-14 00:31:24,142.104,142.104
2017-08-14 00:31:25,142.104,142.104
2017-08-14 00:31:26,142.104,142.104
2017-08-14 00:31:27,142.104,142.104
2017-08-14 00:31:28,142.104,142.104
2017-08-14 00:31:29,142.104,142.104
2017-08-14 00:31:31,142.104,142.104
2017-08-14 00:31:32,142.104,142.104
2017-08-14 00:31:33,142.104,142.104
2017-08-14 00:31:34,142.104,142.104
2017-08-14 00:31:35,142.104,142.104
2017-08-14 00:31:37,142.104,142.104
2017-08-14 00:31:38,142.104,142.104
2017-08-14 00:31:39,142.104,142.104
2017-08-14 00:31:40,142.104,142.104
2017-08-14 00:31:41,142.104,142.104
2017-08-14 00:31:42,142.104,142.104
2017-08-14 00:31:44,142.104,142.104
2017-08-14 00:31:45,142.104,142.104
2017-08-14 00:31:46,142.104,142.104
2017-08-14 00:31:47,142.104,142.104
2017-08-14 00:31:48,142.104,142.104
2017-08-14 00:31:49,142.104,142.104
2017-08-14 00:31:51,142.104,142.104
2017-08-14 00:31:52,142.104,142.104
2017-08-14 00:31:53,142.104,142.104
2017-08-14 00:31:54,142.104,142.104
2017-08-14 00:31:55,142.104,142.104
2017-08-14 00:31:57,142.104,142.104
2017-08-14 00:31:58,142.104,142.104
2017-08-14 00:31:59,142.104,142.104
2017-08-14 00:32:00,142.104,142.104
2017-08-14 00:32:01,142.104,142.104
2017-08-14 00:32:02,142.104,142.104
2017-08-14 00:32:04,142.104,142.104
2017-08-14 00:32:05,142.104,142.104
2017-08-14 00:32:06,142.104,142.104
2017-08-14 00:32:07,142.104,142.104
2017-08-14 00:32:08,142.104,142.104
2017-08-14 00:32:09,142.104,142.104
2017-08-14 00:32:11,142.104,142.104
2017-08-14 00:32:12,142.104,142.104
2017-08-14 00:32:13,142.104,142.104
2017-08-14 00:32:14,142.104,142.104
2017-08-14 00:32:15,142.104,142.104
2017-08-14 00:32:17,142.104,142.104
2017-08-14 00:32:18,142.104,142.104
2017-08-14 00:32:19,142.104,142.104
2017-08-14 00:32:20,142.104,142.104
2017-08-14 00:32:21,142.104,142.104
2017-08-14 00:32:22,142.104,142.104
2017-08-14 00:32:24,142.104,142.104
2017-08-14 00:32:25,142.104,142.104
2017-08-14 00:32:26,142.104,142.104
2017-08-14 00:32:27,142.104,142.104
2017-08-14 00:32:28,142.104,142.104
2017-08-14 00:32:30,142.104,142.104
2017-08-14 00:32:31,142.104,142.104
2017-08-14 00:32:32,142.104,142.104
2017-08-14 00:32:33,142.104,142.104
2017-08-14 00:32:34,142.104,142.104
2017-08-14 00:32:35,142.104,142.104
2017-08-14 00:32:37,142.104,142.104
2017-08-14 00:32:38,142.104,142.104
2017-08-14 00:32:39,142.104,142.104
2017-08-14 00:32:40,142.104,142.104
2017-08-14 00:32:41,142.104,142.104
2017-08-14 00:32:42,142.104,142.104
2017-08-14 00:32:44,142.104,142.104
2017-08-14 00:32:45,142.104,142.104
2017-08-14 00:32:46,142.104,142.104
2017-08-14 00:32:47,142.104,142.104
2017-08-14 00:32:48,142.104,142.104
2017-08-14 00:32:50,142.104,142.104
2017-08-14 00:32:51,142.104,142.104
2017-08-14 00:32:52,142.104,142.104
2017-08-14 00:32:53,142.104,142.104
2017-08-14 00:32:54,142.104,142.104
2017-08-14 00:32:55,142.104,142.104
2017-08-14 00:32:57,142.104,142.104
2017-08-14 00:32:58,142.104,142.104
2017-08-14 00:32:59,142.104,142.104
2017-08-14 00:33:00,142.104,142.104
2017-08-14 00:33:01,142.104,142.104
2017-08-14 00:33:02,142.104,142.104
2017-08-14 00:33:04,142.104,142.104
2017-08-14 00:33:05,142.104,142.104
2017-08-14 00:33:06,142.104,142.104
2017-08-14 00:33:07,142.104,142.104
2017-08-14 00:33:08,142.104,142.104
2017-08-14 00:33:10,142.104,142.104
2017-08-14 00:33:11,142.104,142.104
2017-08-14 00:33:12,142.104,142.104
2017-08-14 00:33:13,142.104,142.104
2017-08-14 00:33:14,142.104,142.104
2017-08-14 00:33:15,142.104,142.104
2017-08-14 00:33:17,142.104,142.104
2017-08-14 00:33:18,142.104,142.104
2017-08-14 00:33:19,142.104,142.104
2017-08-14 00:33:20,142.104,142.104
2017-08-14 00:33:21,142.104,142.104
2017-08-14 00:33:22,142.104,142.104
2017-08-14 00:33:24,142.104,142.104
2017-08-14 00:33:25,142.104,142.104
2017-08-14 00:33:26,142.104,142.104
2017-08-14 00:33:27,142.104,142.104
2017-08-14 00:33:28,142.104,142.104
2017-08-14 00:33:30,142.104,142.104
2017-08-14 00:33:31,142.104,142.104
2017-08-14 00:33:32,142.104,142.104
2017-08-14 00:33:33,142.104,142.104
2017-08-14 00:33:34,142.104,142.104
2017-08-14 00:33:35,142.104,142.104
2017-08-14 00:33:37,142.104,142.104
2017-08-14 00:33:38,142.104,142.104
2017-08-14 00:33:39,142.104,142.104
2017-08-14 00:33:40,142.104,142.104
2017-08-14 00:33:41,142.104,142.104
2017-08-14 00:33:43,142.104,142.104
2017-08-14 00:33:44,142.104,142.104
2017-08-14 00:33:45,142.104,142.104
2017-08-14 00:33:46,142.104,142.104
2017-08-14 00:33:47,142.104,142.104
2017-08-14 00:33:48,142.104,142.104
2017-08-14 00:33:50,142.104,142.104
2017-08-14 00:33:51,142.104,142.104
2017-08-14 00:33:52,142.104,142.104
2017-08-14 00:33:53,142.104,142.104
2017-08-14 00:33:54,142.104,142.104
2017-08-14 00:33:55,142.104,142.104
2017-08-14 00:33:57,142.104,142.104
2017-08-14 00:33:58,142.104,142.104
2017-08-14 00:33:59,142.104,142.104
2017-08-14 00:34:00,142.104,142.104
2017-08-14 00:34:01,142.104,142.104
2017-08-14 00:34:03,142.104,142.104
2017-08-14 00:34:04,142.104,142.104
2017-08-14 00:34:05,142.104,142.104
2017-08-14 00:34:06,142.104,142.104
2017-08-14 00:34:07,142.104,142.104
2017-08-14 00:34:08,142.104,142.104
2017-08-14 00:34:10,142.104,142.104
2017-08-14 00:34:11,142.104,142.104
2017-08-14 00:34:12,142.104,142.104
2017-08-14 00:34:13,142.104,142.104
2017-08-14 00:34:14,142.104,142.104
2017-08-14 00:34:15,142.104,142.104
2017-08-14 00:34:17,142.104,142.104
2017-08-14 00:34:18,142.104,142.104
2017-08-14 00:34:19,142.104,142.104
2017-08-14 00:34:20,142.104,142.104
2017-08-14 00:34:21,142.104,142.104
2017-08-14 00:34:23,142.104,142.104
2017-08-14 00:34:24,142.104,142.104
2017-08-14 00:34:25,142.104,142.104
2017-08-14 00:34:26,142.104,142.104
2017-08-14 00:34:27,142.104,142.104
2017-08-14 00:34:28,142.104,142.104
2017-08-14 00:34:30,142.104,142.104
2017-08-14 00:34:31,142.104,142.104
2017-08-14 00:34:32,142.104,142.104
2017-08-14 00:34:33,142.104,142.104
2017-08-14 00:34:34,142.104,142.104
2017-08-14 00:34:36,142.104,142.104
2017-08-14 00:34:37,142.104,142.104
2017-08-14 00:34:38,142.104,142.104
2017-08-14 00:34:39,142.104,142.104
2017-08-14 00:34:40,142.104,142.104
2017-08-14 00:34:41,142.104,142.104
2017-08-14 00:34:43,142.104,142.104
2017-08-14 00:34:44,142.104,142.104
2017-08-14 00:34:45,142.104,142.104
2017-08-14 00:34:46,142.104,142.104
2017-08-14 00:34:47,142.104,142.104
2017-08-14 00:34:48,142.104,142.104
2017-08-14 00:34:50,142.104,142.104
2017-08-14 00:34:51,142.104,142.104
2017-08-14 00:34:52,142.104,142.104
2017-08-14 00:34:53,142.104,142.104
2017-08-14 00:34:54,142.104,142.104
2017-08-14 00:34:56,142.104,142.104
2017-08-14 00:34:57,142.104,142.104
2017-08-14 00:34:58,142.104,142.104
2017-08-14 00:34:59,142.104,142.104
2017-08-14 00:35:00,142.104,142.104
2017-08-14 00:35:01,142.104,142.104
2017-08-14 00:35:03,142.104,142.104
2017-08-14 00:35:04,142.104,142.104
2017-08-14 00:35:05,142.104,142.104
2017-08-14 00:35:06,142.104,142.104
2017-08-14 00:35:07,142.104,142.104
2017-08-14 00:35:08,142.104,142.104
2017-08-14 00:35:10,142.104,142.104
2017-08-14 00:35:11,142.104,142.104
2017-08-14 00:35:12,142.104,142.104
2017-08-14 00:35:13,142.104,142.104
2017-08-14 00:35:14,142.104,142.104
2017-08-14 00:35:16,142.104,142.104
2017-08-14 00:35:17,142.104,142.104
2017-08-14 00:35:18,142.104,142.104
2017-08-14 00:35:19,142.104,142.104
2017-08-14 00:35:20,142.104,142.104
2017-08-14 00:35:21,142.104,142.104
2017-08-14 00:35:23,142.104,142.104
2017-08-14 00:35:24,142.104,142.104
2017-08-14 00:35:25,142.104,142.104
2017-08-14 00:35:26,142.104,142.104
2017-08-14 00:35:27,142.104,142.104
2017-08-14 00:35:28,142.104,142.104
2017-08-14 00:35:30,142.104,142.104
2017-08-14 00:35:31,142.104,142.104
2017-08-14 00:35:32,142.104,142.104
2017-08-14 00:35:33,142.104,142.104
2017-08-14 00:35:34,142.104,142.104
2017-08-14 00:35:36,142.104,142.104
2017-08-14 00:35:37,142.104,142.104
2017-08-14 00:35:38,142.104,142.104
2017-08-14 00:35:39,142.104,142.104
2017-08-14 00:35:40,142.104,142.104
2017-08-14 00:35:41,142.104,142.104
2017-08-14 00:35:43,142.104,142.104
2017-08-14 00:35:44,142.104,142.104
2017-08-14 00:35:45,142.104,142.104
2017-08-14 00:35:46,142.104,142.104
2017-08-14 00:35:47,142.104,142.104
2017-08-14 00:35:49,142.104,142.104
2017-08-14 00:35:50,142.104,142.104
2017-08-14 00:35:51,142.104,142.104
2017-08-14 00:35:52,142.104,142.104
2017-08-14 00:35:53,142.104,142.104
2017-08-14 00:35:54,142.104,142.104
2017-08-14 00:35:56,142.104,142.104
2017-08-14 00:35:57,142.104,142.104
2017-08-14 00:35:58,142.104,142.104
2017-08-14 00:35:59,142.104,142.104
2017-08-14 00:36:00,142.104,142.104
2017-08-14 00:36:01,142.104,142.104
2017-08-14 00:36:03,142.104,142.104
2017-08-14 00:36:04,142.104,142.104
2017-08-14 00:36:05,142.104,142.104
2017-08-14 00:36:06,142.104,142.104
2017-08-14 00:36:07,142.104,142.104
2017-08-14 00:36:09,142.104,142.104
2017-08-14 00:36:10,142.104,142.104
2017-08-14 00:36:11,142.104,142.104
2017-08-14 00:36:12,142.104,142.104
2017-08-14 00:36:13,142.104,142.104
2017-08-14 00:36:14,142.104,142.104
2017-08-14 00:36:16,142.104,142.104
2017-08-14 00:36:17,142.104,142.104
2017-08-14 00:36:18,142.104,142.104
2017-08-14 00:36:19,142.104,142.104
2017-08-14 00:36:20,142.104,142.104
2017-08-14 00:36:21,142.104,142.104
2017-08-14 00:36:23,142.104,142.104
2017-08-14 00:36:24,142.104,142.104
2017-08-14 00:36:25,142.104,142.104
2017-08-14 00:36:26,142.104,142.104
2017-08-14 00:36:27,142.104,142.104
2017-08-14 00:36:29,142.104,142.104
2017-08-14 00:36:30,142.104,142.104
2017-08-14 00:36:31,142.104,142.104
2017-08-14 00:36:32,142.104,142.104
2017-08-14 00:36:33,142.104,142.104
2017-08-14 00:36:34,142.104,142.104
2017-08-14 00:36:36,142.104,142.104
2017-08-14 00:36:37,142.104,142.104
2017-08-14 00:36:38,142.104,142.104
2017-08-14 00:36:39,142.104,142.104
2017-08-14 00:36:40,142.104,142.104
2017-08-14 00:36:41,142.104,142.104
2017-08-14 00:36:43,142.104,142.104
2017-08-14 00:36:44,142.104,142.104
2017-08-14 00:36:45,142.104,142.104
2017-08-14 00:36:46,142.104,142.104
2017-08-14 00:36:47,142.104,142.104
2017-08-14 00:36:49,142.104,142.104
2017-08-14 00:36:50,142.104,142.104
2017-08-14 00:36:51,142.104,142.104
2017-08-14 00:36:52,142.104,142.104
2017-08-14 00:36:53,142.104,142.104
2017-08-14 00:36:54,142.104,142.104
2017-08-14 00:36:56,142.104,142.104
2017-08-14 00:36:57,142.104,142.104
2017-08-14 00:36:58,142.104,142.104
2017-08-14 00:36:59,142.104,142.104
2017-08-14 00:37:00,142.104,142.104
2017-08-14 00:37:02,142.104,142.104
2017-08-14 00:37:03,142.104,142.104
2017-08-14 00:37:04,142.104,142.104
2017-08-14 00:37:05,142.104,142.104
2017-08-14 00:37:06,142.104,142.104
2017-08-14 00:37:07,142.104,142.104
2017-08-14 00:37:09,142.104,142.104
2017-08-14 00:37:10,142.104,142.104
2017-08-14 00:37:11,142.104,142.104
2017-08-14 00:37:12,142.104,142.104
2017-08-14 00:37:13,142.104,142.104
2017-08-14 00:37:14,142.104,142.104
2017-08-14 00:37:16,142.104,142.104
2017-08-14 00:37:17,142.104,142.104
2017-08-14 00:37:18,142.104,142.104
2017-08-14 00:37:19,142.104,142.104
2017-08-14 00:37:20,142.104,142.104
2017-08-14 00:37:22,142.104,142.104
2017-08-14 00:37:23,142.104,142.104
2017-08-14 00:37:24,142.104,142.104
2017-08-14 00:37:25,142.104,142.104
2017-08-14 00:37:26,142.104,142.104
2017-08-14 00:37:27,142.104,142.104
2017-08-14 00:37:29,142.104,142.104
2017-08-14 00:37:30,142.104,142.104
2017-08-14 00:37:31,142.104,142.104
2017-08-14 00:37:32,142.104,142.104
2017-08-14 00:37:33,142.104,142.104
2017-08-14 00:37:34,142.104,142.104
2017-08-14 00:37:36,142.104,142.104
2017-08-14 00:37:37,142.104,142.104
2017-08-14 00:37:38,142.104,142.104
2017-08-14 00:37:39,142.104,142.104
2017-08-14 00:37:40,142.104,142.104
2017-08-14 00:37:42,142.104,142.104
2017-08-14 00:37:43,142.104,142.104
2017-08-14 00:37:44,142.104,142.104
2017-08-14 00:37:45,142.104,142.104
2017-08-14 00:37:46,142.104,142.104
2017-08-14 00:37:47,142.104,142.104
2017-08-14 00:37:49,142.104,142.104
2017-08-14 00:37:50,142.104,142.104
2017-08-14 00:37:51,142.104,142.104
2017-08-14 00:37:52,142.104,142.104
2017-08-14 00:37:53,142.104,142.104
2017-08-14 00:37:55,142.104,142.104
2017-08-14 00:37:56,142.104,142.104
2017-08-14 00:37:57,142.104,142.104
2017-08-14 00:37:58,142.104,142.104
2017-08-14 00:37:59,142.104,142.104
2017-08-14 00:38:00,142.104,142.104
2017-08-14 00:38:02,142.104,142.104
2017-08-14 00:38:03,142.104,142.104
2017-08-14 00:38:04,142.104,142.104
2017-08-14 00:38:05,142.104,142.104
2017-08-14 00:38:06,142.104,142.104
2017-08-14 00:38:07,142.104,142.104
2017-08-14 00:38:09,142.104,142.104
2017-08-14 00:38:10,142.104,142.104
2017-08-14 00:38:11,142.104,142.104
2017-08-14 00:38:12,142.104,142.104
2017-08-14 00:38:13,142.104,142.104
2017-08-14 00:38:15,142.104,142.104
2017-08-14 00:38:16,142.104,142.104
2017-08-14 00:38:17,142.104,142.104
2017-08-14 00:38:18,142.104,142.104
2017-08-14 00:38:19,142.104,142.104
2017-08-14 00:38:20,142.104,142.104
2017-08-14 00:38:22,142.104,142.104
2017-08-14 00:38:23,142.104,142.104
2017-08-14 00:38:24,142.104,142.104
2017-08-14 00:38:25,142.104,142.104
2017-08-14 00:38:26,142.104,142.104
2017-08-14 00:38:27,142.104,142.104
2017-08-14 00:38:29,142.104,142.104
2017-08-14 00:38:30,142.104,142.104
2017-08-14 00:38:31,142.104,142.104
2017-08-14 00:38:32,142.104,142.104
2017-08-14 00:38:33,142.104,142.104
2017-08-14 00:38:35,142.104,142.104
2017-08-14 00:38:36,142.104,142.104
2017-08-14 00:38:37,142.104,142.104
2017-08-14 00:38:38,142.104,142.104
2017-08-14 00:38:39,142.104,142.104
2017-08-14 00:38:40,142.104,142.104
2017-08-14 00:38:42,142.104,142.104
2017-08-14 00:38:43,142.104,142.104
2017-08-14 00:38:44,142.104,142.104
2017-08-14 00:38:45,142.104,142.104
2017-08-14 00:38:46,142.104,142.104
2017-08-14 00:38:47,142.104,142.104
2017-08-14 00:38:49,142.104,142.104
2017-08-14 00:38:50,142.104,142.104
2017-08-14 00:38:51,142.104,142.104
2017-08-14 00:38:52,142.104,142.104
2017-08-14 00:38:53,142.104,142.104
2017-08-14 00:38:55,142.104,142.104
2017-08-14 00:38:56,142.104,142.104
2017-08-14 00:38:57,142.104,142.104
2017-08-14 00:38:58,142.104,142.104
2017-08-14 00:38:59,142.104,142.104
2017-08-14 00:39:00,142.104,142.104
2017-08-14 00:39:02,142.104,142.104
2017-08-14 00:39:03,142.104,142.104
2017-08-14 00:39:04,142.104,142.104
2017-08-14 00:39:05,142.104,142.104
2017-08-14 00:39:06,142.104,142.104
2017-08-14 00:39:08,142.104,142.104
2017-08-14 00:39:09,142.104,142.104
2017-08-14 00:39:10,142.104,142.104
2017-08-14 00:39:11,142.104,142.104
2017-08-14 00:39:12,142.104,142.104
2017-08-14 00:39:13,142.104,142.104
2017-08-14 00:39:15,142.104,142.104
2017-08-14 00:39:16,142.104,142.104
2017-08-14 00:39:17,142.104,142.104
2017-08-14 00:39:18,142.104,142.104
2017-08-14 00:39:19,142.104,142.104
2017-08-14 00:39:20,142.104,142.104
2017-08-14 00:39:22,142.104,142.104
2017-08-14 00:39:23,142.104,142.104
2017-08-14 00:39:24,142.104,142.104
2017-08-14 00:39:25,142.104,142.104
2017-08-14 00:39:26,142.104,142.104
2017-08-14 00:39:28,142.104,142.104
2017-08-14 00:39:29,142.104,142.104
2017-08-14 00:39:30,142.104,142.104
2017-08-14 00:39:31,142.104,142.104
2017-08-14 00:39:32,142.104,142.104
2017-08-14 00:39:33,142.104,142.104
2017-08-14 00:39:35,142.104,142.104
2017-08-14 00:39:36,142.104,142.104
2017-08-14 00:39:37,142.104,142.104
2017-08-14 00:39:38,142.104,142.104
2017-08-14 00:39:39,142.104,142.104
2017-08-14 00:39:40,142.104,142.104
2017-08-14 00:39:42,142.104,142.104
2017-08-14 00:39:43,142.104,142.104
2017-08-14 00:39:44,142.104,142.104
2017-08-14 00:39:45,142.104,142.104
2017-08-14 00:39:46,142.104,142.104
2017-08-14 00:39:48,142.104,142.104
2017-08-14 00:39:49,142.104,142.104
2017-08-14 00:39:50,142.104,142.104
2017-08-14 00:39:51,142.104,142.104
2017-08-14 00:39:52,142.104,142.104
2017-08-14 00:39:53,142.104,142.104
2017-08-14 00:39:55,142.104,142.104
2017-08-14 00:39:56,142.104,142.104
2017-08-14 00:39:57,142.104,142.104
2017-08-14 00:39:58,142.104,142.104
2017-08-14 00:39:59,142.104,142.104
2017-08-14 00:40:00,142.104,142.104
2017-08-14 00:40:02,142.104,142.104
2017-08-14 00:40:03,142.104,142.104
2017-08-14 00:40:04,142.104,142.104
2017-08-14 00:40:05,142.104,142.104
2017-08-14 00:40:06,142.104,142.104
2017-08-14 00:40:08,142.104,142.104
2017-08-14 00:40:09,142.104,142.104
2017-08-14 00:40:10,142.104,142.104
2017-08-14 00:40:11,142.104,142.104
2017-08-14 00:40:12,142.104,142.104
2017-08-14 00:40:13,142.104,142.104
2017-08-14 00:40:15,142.104,142.104
2017-08-14 00:40:16,142.104,142.104
2017-08-14 00:40:17,142.104,142.104
2017-08-14 00:40:18,142.104,142.104
2017-08-14 00:40:19,142.104,142.104
2017-08-14 00:40:21,142.104,142.104
2017-08-14 00:40:22,142.104,142.104
2017-08-14 00:40:23,142.104,142.104
2017-08-14 00:40:24,142.104,142.104
2017-08-14 00:40:25,142.104,142.104
2017-08-14 00:40:26,142.104,142.104
2017-08-14 00:40:28,142.104,142.104
2017-08-14 00:40:29,142.104,142.104
2017-08-14 00:40:30,142.104,142.104
2017-08-14 00:40:31,142.104,142.104
2017-08-14 00:40:32,142.104,142.104
2017-08-14 00:40:33,142.104,142.104
2017-08-14 00:40:35,142.104,142.104
2017-08-14 00:40:36,142.104,142.104
2017-08-14 00:40:37,142.104,142.104
2017-08-14 00:40:38,142.104,142.104
2017-08-14 00:40:39,142.104,142.104
2017-08-14 00:40:41,142.104,142.104
2017-08-14 00:40:42,142.104,142.104
2017-08-14 00:40:43,142.104,142.104
2017-08-14 00:40:44,142.104,142.104
2017-08-14 00:40:45,142.104,142.104
2017-08-14 00:40:46,142.104,142.104
2017-08-14 00:40:48,142.104,142.104
2017-08-14 00:40:49,142.104,142.104
2017-08-14 00:40:50,142.104,142.104
2017-08-14 00:40:51,142.104,142.104
2017-08-14 00:40:52,142.104,142.104
2017-08-14 00:40:53,142.104,142.104
2017-08-14 00:40:55,142.104,142.104
2017-08-14 00:40:56,142.104,142.104
2017-08-14 00:40:57,142.104,142.104
2017-08-14 00:40:58,142.104,142.104
2017-08-14 00:40:59,142.104,142.104
2017-08-14 00:41:01,142.104,142.104
2017-08-14 00:41:02,142.104,142.104
2017-08-14 00:41:03,142.104,142.104
2017-08-14 00:41:04,142.104,142.104
2017-08-14 00:41:05,142.104,142.104
2017-08-14 00:41:06,142.104,142.104
2017-08-14 00:41:08,142.104,142.104
2017-08-14 00:41:09,142.104,142.104
2017-08-14 00:41:10,142.104,142.104
2017-08-14 00:41:11,142.104,142.104
2017-08-14 00:41:12,142.104,142.104
2017-08-14 00:41:14,142.104,142.104
2017-08-14 00:41:15,142.104,142.104
2017-08-14 00:41:16,142.104,142.104
2017-08-14 00:41:17,142.104,142.104
2017-08-14 00:41:18,142.104,142.104
2017-08-14 00:41:19,142.104,142.104
2017-08-14 00:41:21,142.104,142.104
2017-08-14 00:41:22,142.104,142.104
2017-08-14 00:41:23,142.104,142.104
2017-08-14 00:41:24,142.104,142.104
2017-08-14 00:41:25,142.104,142.104
2017-08-14 00:41:26,142.104,142.104
2017-08-14 00:41:28,142.104,142.104
2017-08-14 00:41:29,142.104,142.104
2017-08-14 00:41:30,142.104,142.104
2017-08-14 00:41:31,142.104,142.104
2017-08-14 00:41:32,142.104,142.104
2017-08-14 00:41:34,142.104,142.104
2017-08-14 00:41:35,142.104,142.104
2017-08-14 00:41:36,142.104,142.104
2017-08-14 00:41:37,142.104,142.104
2017-08-14 00:41:38,142.104,142.104
2017-08-14 00:41:39,142.104,142.104
2017-08-14 00:41:41,142.104,142.104
2017-08-14 00:41:42,142.104,142.104
2017-08-14 00:41:43,142.104,142.104
2017-08-14 00:41:44,142.104,142.104
2017-08-14 00:41:45,142.104,142.104
2017-08-14 00:41:46,142.104,142.104
2017-08-14 00:41:48,142.104,142.104
2017-08-14 00:41:49,142.104,142.104
2017-08-14 00:41:50,142.104,142.104
2017-08-14 00:41:51,142.104,142.104
2017-08-14 00:41:52,142.104,142.104
2017-08-14 00:41:54,142.104,142.104
2017-08-14 00:41:55,142.104,142.104
2017-08-14 00:41:56,142.104,142.104
2017-08-14 00:41:57,142.104,142.104
2017-08-14 00:41:58,142.104,142.104
2017-08-14 00:41:59,142.104,142.104
2017-08-14 00:42:01,142.104,142.104
2017-08-14 00:42:02,142.104,142.104
2017-08-14 00:42:03,142.104,142.104
2017-08-14 00:42:04,142.104,142.104
2017-08-14 00:42:05,142.104,142.104
2017-08-14 00:42:07,142.104,142.104
2017-08-14 00:42:08,142.104,142.104
2017-08-14 00:42:09,142.104,142.104
2017-08-14 00:42:10,142.104,142.104
2017-08-14 00:42:11,142.104,142.104
2017-08-14 00:42:12,142.104,142.104
2017-08-14 00:42:14,142.104,142.104
2017-08-14 00:42:15,142.104,142.104
2017-08-14 00:42:16,142.104,142.104
2017-08-14 00:42:17,142.104,142.104
2017-08-14 00:42:18,142.104,142.104
2017-08-14 00:42:19,142.104,142.104
2017-08-14 00:42:21,142.104,142.104
2017-08-14 00:42:22,142.104,142.104
2017-08-14 00:42:23,142.104,142.104
2017-08-14 00:42:24,142.104,142.104
2017-08-14 00:42:25,142.104,142.104
2017-08-14 00:42:27,142.104,142.104
2017-08-14 00:42:28,142.104,142.104
2017-08-14 00:42:29,142.104,142.104
2017-08-14 00:42:30,142.104,142.104
2017-08-14 00:42:32,142.104,142.104
2017-08-14 00:42:33,142.104,142.104
2017-08-14 00:42:34,142.104,142.104
2017-08-14 00:42:36,142.104,142.104
2017-08-14 00:42:37,142.104,142.104
2017-08-14 00:42:38,142.104,142.104
2017-08-14 00:42:39,142.104,142.104
2017-08-14 00:42:40,142.104,142.104
2017-08-14 00:42:41,142.104,142.104
2017-08-14 00:42:43,142.104,142.104
2017-08-14 00:42:44,142.104,142.104
2017-08-14 00:42:45,142.104,142.104
2017-08-14 00:42:46,142.104,142.104
2017-08-14 00:42:47,142.104,142.104
2017-08-14 00:42:48,142.104,142.104
2017-08-14 00:42:50,142.104,142.104
2017-08-14 00:42:51,142.104,142.104
2017-08-14 00:42:52,142.104,142.104
2017-08-14 00:42:53,142.104,142.104
2017-08-14 00:42:54,142.104,142.104
2017-08-14 00:42:56,142.104,142.104
2017-08-14 00:42:57,142.104,142.104
2017-08-14 00:42:58,142.104,142.104
2017-08-14 00:42:59,142.104,142.104
2017-08-14 00:43:00,142.104,142.104
2017-08-14 00:43:01,142.104,142.104
2017-08-14 00:43:03,142.104,142.104
2017-08-14 00:43:04,142.104,142.104
2017-08-14 00:43:05,142.104,142.104
2017-08-14 00:43:06,142.104,142.104
2017-08-14 00:43:07,142.104,142.104
2017-08-14 00:43:08,142.104,142.104
2017-08-14 00:43:10,142.104,142.104
2017-08-14 00:43:11,142.104,142.104
2017-08-14 00:43:12,142.104,142.104
2017-08-14 00:43:13,142.104,142.104
2017-08-14 00:43:14,142.104,142.104
2017-08-14 00:43:16,142.104,142.104
2017-08-14 00:43:17,142.104,142.104
2017-08-14 00:43:18,142.104,142.104
2017-08-14 00:43:19,142.104,142.104
2017-08-14 00:43:20,142.104,142.104
2017-08-14 00:43:21,142.104,142.104
2017-08-14 00:43:23,142.104,142.104
2017-08-14 00:43:24,142.104,142.104
2017-08-14 00:43:25,142.104,142.104
2017-08-14 00:43:26,142.104,142.104
2017-08-14 00:43:27,142.104,142.104
2017-08-14 00:43:29,142.104,142.104
2017-08-14 00:43:30,142.104,142.104
2017-08-14 00:43:31,142.104,142.104
2017-08-14 00:43:32,142.104,142.104
2017-08-14 00:43:33,142.104,142.104
2017-08-14 00:43:34,142.104,142.104
2017-08-14 00:43:36,142.104,142.104
2017-08-14 00:43:37,142.104,142.104
2017-08-14 00:43:38,142.104,142.104
2017-08-14 00:43:39,142.104,142.104
2017-08-14 00:43:40,142.104,142.104
2017-08-14 00:43:41,142.104,142.104
2017-08-14 00:43:43,142.104,142.104
2017-08-14 00:43:44,142.104,142.104
2017-08-14 00:43:45,142.104,142.104
2017-08-14 00:43:46,142.104,142.104
2017-08-14 00:43:47,142.104,142.104
2017-08-14 00:43:49,142.104,142.104
2017-08-14 00:43:50,142.104,142.104
2017-08-14 00:43:51,142.104,142.104
2017-08-14 00:43:52,142.104,142.104
2017-08-14 00:43:53,142.104,142.104
2017-08-14 00:43:54,142.104,142.104
2017-08-14 00:43:56,142.104,142.104
2017-08-14 00:43:57,142.104,142.104
2017-08-14 00:43:58,142.104,142.104
2017-08-14 00:43:59,142.104,142.104
2017-08-14 00:44:00,142.104,142.104
2017-08-14 00:44:01,142.104,142.104
2017-08-14 00:44:03,142.104,142.104
2017-08-14 00:44:04,142.104,142.104
2017-08-14 00:44:05,142.104,142.104
2017-08-14 00:44:06,142.104,142.104
2017-08-14 00:44:07,142.104,142.104
2017-08-14 00:44:09,142.104,142.104
2017-08-14 00:44:10,142.104,142.104
2017-08-14 00:44:11,142.104,142.104
2017-08-14 00:44:12,142.104,142.104
2017-08-14 00:44:13,142.104,142.104
2017-08-14 00:44:14,142.104,142.104
2017-08-14 00:44:16,142.104,142.104
2017-08-14 00:44:17,142.104,142.104
2017-08-14 00:44:18,142.104,142.104
2017-08-14 00:44:19,142.104,142.104
2017-08-14 00:44:20,142.104,142.104
2017-08-14 00:44:21,142.104,142.104
2017-08-14 00:44:23,142.104,142.104
2017-08-14 00:44:24,142.104,142.104
2017-08-14 00:44:25,142.104,142.104
2017-08-14 00:44:26,142.104,142.104
2017-08-14 00:44:27,142.104,142.104
2017-08-14 00:44:29,142.104,142.104
2017-08-14 00:44:30,142.104,142.104
2017-08-14 00:44:31,142.104,142.104
2017-08-14 00:44:32,142.104,142.104
2017-08-14 00:44:33,142.104,142.104
2017-08-14 00:44:34,142.104,142.104
2017-08-14 00:44:36,142.104,142.104
2017-08-14 00:44:37,142.104,142.104
2017-08-14 00:44:38,142.104,142.104
2017-08-14 00:44:39,142.104,142.104
2017-08-14 00:44:40,142.104,142.104
2017-08-14 00:44:42,142.104,142.104
2017-08-14 00:44:43,142.104,142.104
2017-08-14 00:44:44,142.104,142.104
2017-08-14 00:44:45,142.104,142.104
2017-08-14 00:44:46,142.104,142.104
2017-08-14 00:44:47,142.104,142.104
2017-08-14 00:44:49,142.104,142.104
2017-08-14 00:44:50,142.104,142.104
2017-08-14 00:44:51,142.104,142.104
2017-08-14 00:44:52,142.104,142.104
2017-08-14 00:44:53,142.104,142.104
2017-08-14 00:44:54,142.104,142.104
2017-08-14 00:44:56,142.104,142.104
2017-08-14 00:44:57,142.104,142.104
2017-08-14 00:44:58,142.104,142.104
2017-08-14 00:44:59,142.104,142.104
2017-08-14 00:45:00,142.104,142.104
2017-08-14 00:45:02,142.104,142.104
2017-08-14 00:45:03,142.104,142.104
2017-08-14 00:45:04,142.104,142.104
2017-08-14 00:45:05,142.104,142.104
2017-08-14 00:45:06,142.104,142.104
2017-08-14 00:45:07,142.104,142.104
2017-08-14 00:45:09,142.104,142.104
2017-08-14 00:45:10,142.104,142.104
2017-08-14 00:45:11,142.104,142.104
2017-08-14 00:45:12,142.104,142.104
2017-08-14 00:45:13,142.104,142.104
2017-08-14 00:45:14,142.104,142.104
2017-08-14 00:45:16,142.104,142.104
2017-08-14 00:45:17,142.104,142.104
2017-08-14 00:45:18,142.104,142.104
2017-08-14 00:45:19,142.104,142.104
2017-08-14 00:45:20,142.104,142.104
2017-08-14 00:45:22,142.104,142.104
2017-08-14 00:45:23,142.104,142.104
2017-08-14 00:45:24,142.104,142.104
2017-08-14 00:45:25,142.104,142.104
2017-08-14 00:45:26,142.104,142.104
2017-08-14 00:45:27,142.104,142.104
2017-08-14 00:45:29,142.104,142.104
2017-08-14 00:45:30,142.104,142.104
2017-08-14 00:45:31,142.104,142.104
2017-08-14 00:45:32,142.104,142.104
2017-08-14 00:45:33,142.104,142.104
2017-08-14 00:45:35,142.104,142.104
2017-08-14 00:45:36,142.104,142.104
2017-08-14 00:45:37,142.104,142.104
2017-08-14 00:45:38,142.104,142.104
2017-08-14 00:45:39,142.104,142.104
2017-08-14 00:45:40,142.104,142.104
2017-08-14 00:45:42,142.104,142.104
2017-08-14 00:45:43,142.104,142.104
2017-08-14 00:45:44,142.104,142.104
2017-08-14 00:45:45,142.104,142.104
2017-08-14 00:45:46,142.104,142.104
2017-08-14 00:45:47,142.104,142.104
2017-08-14 00:45:49,142.104,142.104
2017-08-14 00:45:50,142.104,142.104
2017-08-14 00:45:51,142.104,142.104
2017-08-14 00:45:52,142.104,142.104
2017-08-14 00:45:53,142.104,142.104
2017-08-14 00:45:55,142.104,142.104
2017-08-14 00:45:56,142.104,142.104
2017-08-14 00:45:57,142.104,142.104
2017-08-14 00:45:58,142.104,142.104
2017-08-14 00:45:59,142.104,142.104
2017-08-14 00:46:00,142.104,142.104
2017-08-14 00:46:02,142.104,142.104
2017-08-14 00:46:03,142.104,142.104
2017-08-14 00:46:04,142.104,142.104
2017-08-14 00:46:05,142.104,142.104
2017-08-14 00:46:06,142.104,142.104
2017-08-14 00:46:07,142.104,142.104
2017-08-14 00:46:09,142.104,142.104
2017-08-14 00:46:10,142.104,142.104
2017-08-14 00:46:11,142.104,142.104
2017-08-14 00:46:12,142.104,142.104
2017-08-14 00:46:13,142.104,142.104
2017-08-14 00:46:15,142.104,142.104
2017-08-14 00:46:16,142.104,142.104
2017-08-14 00:46:17,142.104,142.104
2017-08-14 00:46:18,142.104,142.104
2017-08-14 00:46:19,142.104,142.104
2017-08-14 00:46:20,142.104,142.104
2017-08-14 00:46:22,142.104,142.104
2017-08-14 00:46:23,142.104,142.104
2017-08-14 00:46:24,142.104,142.104
2017-08-14 00:46:25,142.104,142.104
2017-08-14 00:46:26,142.104,142.104
2017-08-14 00:46:28,142.104,142.104
2017-08-14 00:46:29,142.104,142.104
2017-08-14 00:46:30,142.104,142.104
2017-08-14 00:46:31,142.104,142.104
2017-08-14 00:46:32,142.104,142.104
2017-08-14 00:46:33,142.104,142.104
2017-08-14 00:46:35,142.104,142.104
2017-08-14 00:46:36,142.104,142.104
2017-08-14 00:46:37,142.104,142.104
2017-08-14 00:46:38,142.104,142.104
2017-08-14 00:46:39,142.104,142.104
2017-08-14 00:46:40,142.104,142.104
2017-08-14 00:46:42,142.104,142.104
2017-08-14 00:46:43,142.104,142.104
2017-08-14 00:46:44,142.104,142.104
2017-08-14 00:46:45,142.104,142.104
2017-08-14 00:46:46,142.104,142.104
2017-08-14 00:46:48,142.104,142.104
2017-08-14 00:46:49,142.104,142.104
2017-08-14 00:46:50,142.104,142.104
2017-08-14 00:46:51,142.104,142.104
2017-08-14 00:46:52,142.104,142.104
2017-08-14 00:46:53,142.104,142.104
2017-08-14 00:46:55,142.104,142.104
2017-08-14 00:46:56,142.104,142.104
2017-08-14 00:46:57,142.104,142.104
2017-08-14 00:46:58,142.104,142.104
2017-08-14 00:46:59,142.104,142.104
2017-08-14 00:47:00,142.104,142.104
2017-08-14 00:47:02,142.104,142.104
2017-08-14 00:47:03,142.104,142.104
2017-08-14 00:47:04,142.104,142.104
2017-08-14 00:47:05,142.104,142.104
2017-08-14 00:47:06,142.104,142.104
2017-08-14 00:47:08,142.104,142.104
2017-08-14 00:47:09,142.104,142.104
2017-08-14 00:47:10,142.104,142.104
2017-08-14 00:47:11,142.104,142.104
2017-08-14 00:47:12,142.104,142.104
2017-08-14 00:47:13,142.104,142.104
2017-08-14 00:47:15,142.104,142.104
2017-08-14 00:47:16,142.104,142.104
2017-08-14 00:47:17,142.104,142.104
2017-08-14 00:47:18,142.104,142.104
2017-08-14 00:47:19,142.104,142.104
2017-08-14 00:47:21,142.104,142.104
2017-08-14 00:47:22,142.104,142.104
2017-08-14 00:47:23,142.104,142.104
2017-08-14 00:47:24,142.104,142.104
2017-08-14 00:47:25,142.104,142.104
2017-08-14 00:47:26,142.104,142.104
2017-08-14 00:47:28,142.104,142.104
2017-08-14 00:47:29,142.104,142.104
2017-08-14 00:47:30,142.104,142.104
2017-08-14 00:47:31,142.104,142.104
2017-08-14 00:47:32,142.104,142.104
2017-08-14 00:47:33,142.104,142.104
2017-08-14 00:47:35,142.104,142.104
2017-08-14 00:47:36,142.104,142.104
2017-08-14 00:47:37,142.104,142.104
2017-08-14 00:47:38,142.104,142.104
2017-08-14 00:47:39,142.104,142.104
2017-08-14 00:47:41,142.104,142.104
2017-08-14 00:47:42,142.104,142.104
2017-08-14 00:47:43,142.104,142.104
2017-08-14 00:47:44,142.104,142.104
2017-08-14 00:47:45,142.104,142.104
2017-08-14 00:47:46,142.104,142.104
2017-08-14 00:47:48,142.104,142.104
2017-08-14 00:47:49,142.104,142.104
2017-08-14 00:47:50,142.104,142.104
2017-08-14 00:47:51,142.104,142.104
2017-08-14 00:47:52,142.104,142.104
2017-08-14 00:47:53,142.104,142.104
2017-08-14 00:47:55,142.104,142.104
2017-08-14 00:47:56,142.104,142.104
2017-08-14 00:47:57,142.104,142.104
2017-08-14 00:47:58,142.104,142.104
2017-08-14 00:47:59,142.104,142.104
2017-08-14 00:48:01,142.104,142.104
2017-08-14 00:48:02,142.104,142.104
2017-08-14 00:48:03,142.104,142.104
2017-08-14 00:48:04,142.104,142.104
2017-08-14 00:48:05,142.104,142.104
2017-08-14 00:48:06,142.104,142.104
2017-08-14 00:48:08,142.104,142.104
2017-08-14 00:48:09,142.104,142.104
2017-08-14 00:48:10,142.104,142.104
2017-08-14 00:48:11,142.104,142.104
2017-08-14 00:48:12,142.104,142.104
2017-08-14 00:48:14,142.104,142.104
2017-08-14 00:48:15,142.104,142.104
2017-08-14 00:48:16,142.104,142.104
2017-08-14 00:48:17,142.104,142.104
2017-08-14 00:48:18,142.104,142.104
2017-08-14 00:48:19,142.104,142.104
2017-08-14 00:48:21,142.104,142.104
2017-08-14 00:48:22,142.104,142.104
2017-08-14 00:48:23,142.104,142.104
2017-08-14 00:48:24,142.104,142.104
2017-08-14 00:48:25,142.104,142.104
2017-08-14 00:48:26,142.104,142.104
2017-08-14 00:48:28,142.104,142.104
2017-08-14 00:48:29,142.104,142.104
2017-08-14 00:48:30,142.104,142.104
2017-08-14 00:48:31,142.104,142.104
2017-08-14 00:48:33,142.104,142.104
2017-08-14 00:48:34,142.104,142.104
2017-08-14 00:48:35,142.104,142.104
2017-08-14 00:48:36,142.104,142.104
2017-08-14 00:48:38,142.104,142.104
2017-08-14 00:48:39,142.104,142.104
2017-08-14 00:48:40,142.104,142.104
2017-08-14 00:48:41,142.104,142.104
2017-08-14 00:48:43,142.104,142.104
2017-08-14 00:48:44,142.104,142.104
2017-08-14 00:48:45,142.104,142.104
2017-08-14 00:48:46,142.104,142.104
2017-08-14 00:48:47,142.104,142.104
2017-08-14 00:48:49,142.104,142.104
2017-08-14 00:48:50,142.104,142.104
2017-08-14 00:48:51,142.104,142.104
2017-08-14 00:48:52,142.104,142.104
2017-08-14 00:48:53,142.104,142.104
2017-08-14 00:48:54,142.104,142.104
2017-08-14 00:48:56,142.104,142.104
2017-08-14 00:48:57,142.104,142.104
2017-08-14 00:48:58,142.104,142.104
2017-08-14 00:48:59,142.104,142.104
2017-08-14 00:49:00,142.104,142.104
2017-08-14 00:49:01,142.104,142.104
2017-08-14 00:49:03,142.104,142.104
2017-08-14 00:49:04,142.104,142.104
2017-08-14 00:49:05,142.104,142.104
2017-08-14 00:49:06,142.104,142.104
2017-08-14 00:49:07,142.104,142.104
2017-08-14 00:49:09,142.104,142.104
2017-08-14 00:49:10,142.104,142.104
2017-08-14 00:49:11,142.104,142.104
2017-08-14 00:49:12,142.104,142.104
2017-08-14 00:49:13,142.104,142.104
2017-08-14 00:49:14,142.104,142.104
2017-08-14 00:49:16,142.104,142.104
2017-08-14 00:49:17,142.104,142.104
2017-08-14 00:49:18,142.104,142.104
2017-08-14 00:49:19,142.104,142.104
2017-08-14 00:49:20,142.104,142.104
2017-08-14 00:49:22,142.104,142.104
2017-08-14 00:49:23,142.104,142.104
2017-08-14 00:49:24,142.104,142.104
2017-08-14 00:49:25,142.104,142.104
2017-08-14 00:49:26,142.104,142.104
2017-08-14 00:49:27,142.104,142.104
2017-08-14 00:49:29,142.104,142.104
2017-08-14 00:49:30,142.104,142.104
2017-08-14 00:49:31,142.104,142.104
2017-08-14 00:49:32,142.104,142.104
2017-08-14 00:49:33,142.104,142.104
2017-08-14 00:49:34,142.104,142.104
2017-08-14 00:49:36,142.104,142.104
2017-08-14 00:49:37,142.104,142.104
2017-08-14 00:49:38,142.104,142.104
2017-08-14 00:49:39,142.104,142.104
2017-08-14 00:49:40,142.104,142.104
2017-08-14 00:49:42,142.104,142.104
2017-08-14 00:49:43,142.104,142.104
2017-08-14 00:49:44,142.104,142.104
2017-08-14 00:49:45,142.104,142.104
2017-08-14 00:49:46,142.104,142.104
2017-08-14 00:49:47,142.104,142.104
2017-08-14 00:49:49,142.104,142.104
2017-08-14 00:49:50,142.104,142.104
2017-08-14 00:49:51,142.104,142.104
2017-08-14 00:49:52,142.104,142.104
2017-08-14 00:49:53,142.104,142.104
2017-08-14 00:49:54,142.104,142.104
2017-08-14 00:49:56,142.104,142.104
2017-08-14 00:49:57,142.104,142.104
2017-08-14 00:49:58,142.104,142.104
2017-08-14 00:49:59,142.104,142.104
2017-08-14 00:50:00,142.104,142.104
2017-08-14 00:50:02,142.104,142.104
2017-08-14 00:50:03,142.104,142.104
2017-08-14 00:50:04,142.104,142.104
2017-08-14 00:50:05,142.104,142.104
2017-08-14 00:50:06,142.104,142.104
2017-08-14 00:50:07,142.104,142.104
2017-08-14 00:50:09,142.104,142.104
2017-08-14 00:50:10,142.104,142.104
2017-08-14 00:50:11,142.104,142.104
2017-08-14 00:50:12,142.104,142.104
2017-08-14 00:50:13,142.104,142.104
2017-08-14 00:50:14,142.104,142.104
2017-08-14 00:50:16,142.104,142.104
2017-08-14 00:50:17,142.104,142.104
2017-08-14 00:50:18,142.104,142.104
2017-08-14 00:50:19,142.104,142.104
2017-08-14 00:50:20,142.104,142.104
2017-08-14 00:50:22,142.104,142.104
2017-08-14 00:50:23,142.104,142.104
2017-08-14 00:50:24,142.104,142.104
2017-08-14 00:50:25,142.104,142.104
2017-08-14 00:50:26,142.104,142.104
2017-08-14 00:50:28,142.104,142.104
2017-08-14 00:50:29,142.104,142.104
2017-08-14 00:50:30,142.104,142.104
2017-08-14 00:50:31,142.104,142.104
2017-08-14 00:50:32,142.104,142.104
2017-08-14 00:50:33,142.104,142.104
2017-08-14 00:50:35,142.104,142.104
2017-08-14 00:50:36,142.104,142.104
2017-08-14 00:50:37,142.104,142.104
2017-08-14 00:50:38,142.104,142.104
2017-08-14 00:50:39,142.104,142.104
2017-08-14 00:50:40,142.104,142.104
2017-08-14 00:50:42,142.104,142.104
2017-08-14 00:50:44,142.104,142.104
2017-08-14 00:50:45,142.104,142.104
2017-08-14 00:50:46,142.104,142.104
2017-08-14 00:50:47,142.104,142.104
2017-08-14 00:50:48,142.104,142.104
2017-08-14 00:50:49,142.104,142.104
2017-08-14 00:50:51,142.104,142.104
2017-08-14 00:50:52,142.104,142.104
2017-08-14 00:50:53,142.104,142.104
2017-08-14 00:50:54,142.104,142.104
2017-08-14 00:50:55,142.104,142.104
2017-08-14 00:50:57,142.104,142.104
2017-08-14 00:50:58,142.104,142.104
2017-08-14 00:50:59,142.104,142.104
2017-08-14 00:51:00,142.104,142.104
2017-08-14 00:51:01,142.104,142.104
2017-08-14 00:51:02,142.104,142.104
2017-08-14 00:51:04,142.104,142.104
2017-08-14 00:51:05,142.104,142.104
2017-08-14 00:51:06,142.104,142.104
2017-08-14 00:51:07,142.104,142.104
2017-08-14 00:51:08,142.104,142.104
2017-08-14 00:51:10,142.104,142.104
2017-08-14 00:51:11,142.104,142.104
2017-08-14 00:51:12,142.104,142.104
2017-08-14 00:51:13,142.104,142.104
2017-08-14 00:51:14,142.104,142.104
2017-08-14 00:51:15,142.104,142.104
2017-08-14 00:51:17,142.104,142.104
2017-08-14 00:51:18,142.104,142.104
2017-08-14 00:51:19,142.104,142.104
2017-08-14 00:51:20,142.104,142.104
2017-08-14 00:51:21,142.104,142.104
2017-08-14 00:51:22,142.104,142.104
2017-08-14 00:51:24,142.104,142.104
2017-08-14 00:51:25,142.104,142.104
2017-08-14 00:51:26,142.104,142.104
2017-08-14 00:51:27,142.104,142.104
2017-08-14 00:51:28,142.104,142.104
2017-08-14 00:51:30,142.104,142.104
2017-08-14 00:51:31,142.104,142.104
2017-08-14 00:51:32,142.104,142.104
2017-08-14 00:51:33,142.104,142.104
2017-08-14 00:51:34,142.104,142.104
2017-08-14 00:51:35,142.104,142.104
2017-08-14 00:51:37,142.104,142.104
2017-08-14 00:51:38,142.104,142.104
2017-08-14 00:51:39,142.104,142.104
2017-08-14 00:51:40,142.104,142.104
2017-08-14 00:51:41,142.104,142.104
2017-08-14 00:51:42,142.104,142.104
2017-08-14 00:51:44,142.104,142.104
2017-08-14 00:51:45,142.104,142.104
2017-08-14 00:51:46,142.104,142.104
2017-08-14 00:51:47,142.104,142.104
2017-08-14 00:51:48,142.104,142.104
2017-08-14 00:51:50,142.104,142.104
2017-08-14 00:51:51,142.104,142.104
2017-08-14 00:51:52,142.104,142.104
2017-08-14 00:51:53,142.104,142.104
2017-08-14 00:51:54,142.104,142.104
2017-08-14 00:51:55,142.104,142.104
2017-08-14 00:51:57,142.104,142.104
2017-08-14 00:51:58,142.104,142.104
2017-08-14 00:51:59,142.104,142.104
2017-08-14 00:52:00,142.104,142.104
2017-08-14 00:52:01,142.104,142.104
2017-08-14 00:52:02,142.104,142.104
2017-08-14 00:52:04,142.104,142.104
2017-08-14 00:52:05,142.104,142.104
2017-08-14 00:52:06,142.104,142.104
2017-08-14 00:52:07,142.104,142.104
2017-08-14 00:52:08,142.104,142.104
2017-08-14 00:52:10,142.104,142.104
2017-08-14 00:52:11,142.104,142.104
2017-08-14 00:52:12,142.104,142.104
2017-08-14 00:52:13,142.104,142.104
2017-08-14 00:52:14,142.104,142.104
2017-08-14 00:52:15,142.104,142.104
2017-08-14 00:52:17,142.104,142.104
2017-08-14 00:52:18,142.104,142.104
2017-08-14 00:52:19,142.104,142.104
2017-08-14 00:52:20,142.104,142.104
2017-08-14 00:52:21,142.104,142.104
2017-08-14 00:52:23,142.104,142.104
2017-08-14 00:52:24,142.104,142.104
2017-08-14 00:52:25,142.104,142.104
2017-08-14 00:52:26,142.104,142.104
2017-08-14 00:52:27,142.104,142.104
2017-08-14 00:52:30,142.104,142.104
2017-08-14 00:52:31,142.104,142.104
2017-08-14 00:52:32,142.104,142.104
2017-08-14 00:52:33,142.104,142.104
2017-08-14 00:52:34,142.104,142.104
2017-08-14 00:52:35,142.104,142.104
2017-08-14 00:52:37,142.104,142.104
2017-08-14 00:52:38,142.104,142.104
2017-08-14 00:52:39,142.104,142.104
2017-08-14 00:52:40,142.104,142.104
2017-08-14 00:52:41,142.104,142.104
2017-08-14 00:52:42,142.104,142.104
2017-08-14 00:52:44,142.104,142.104
2017-08-14 00:52:45,142.104,142.104
2017-08-14 00:52:46,142.104,142.104
2017-08-14 00:52:47,142.104,142.104
2017-08-14 00:52:48,142.104,142.104
2017-08-14 00:52:50,142.104,142.104
2017-08-14 00:52:51,142.104,142.104
2017-08-14 00:52:52,142.104,142.104
2017-08-14 00:52:53,142.104,142.104
2017-08-14 00:52:54,142.104,142.104
2017-08-14 00:52:55,142.104,142.104
2017-08-14 00:52:57,142.104,142.104
2017-08-14 00:52:58,142.104,142.104
2017-08-14 00:52:59,142.104,142.104
2017-08-14 00:53:00,142.104,142.104
2017-08-14 00:53:01,142.104,142.104
2017-08-14 00:53:03,142.104,142.104
2017-08-14 00:53:04,142.104,142.104
2017-08-14 00:53:05,142.104,142.104
2017-08-14 00:53:06,142.104,142.104
2017-08-14 00:53:07,142.104,142.104
2017-08-14 00:53:08,142.104,142.104
2017-08-14 00:53:10,142.104,142.104
2017-08-14 00:53:11,142.104,142.104
2017-08-14 00:53:12,142.104,142.104
2017-08-14 00:53:13,142.104,142.104
2017-08-14 00:53:14,142.104,142.104
2017-08-14 00:53:15,142.104,142.104
2017-08-14 00:53:17,142.104,142.104
2017-08-14 00:53:18,142.104,142.104
2017-08-14 00:53:19,142.104,142.104
2017-08-14 00:53:20,142.104,142.104
2017-08-14 00:53:21,142.104,142.104
2017-08-14 00:53:23,142.104,142.104
2017-08-14 00:53:24,142.104,142.104
2017-08-14 00:53:25,142.104,142.104
2017-08-14 00:53:26,142.104,142.104
2017-08-14 00:53:27,142.104,142.104
2017-08-14 00:53:28,142.104,142.104
2017-08-14 00:53:30,142.104,142.104
2017-08-14 00:53:31,142.104,142.104
2017-08-14 00:53:32,142.104,142.104
2017-08-14 00:53:33,142.104,142.104
2017-08-14 00:53:34,142.104,142.104
2017-08-14 00:53:35,142.104,142.104
2017-08-14 00:53:37,142.104,142.104
2017-08-14 00:53:38,142.104,142.104
2017-08-14 00:53:39,142.104,142.104
2017-08-14 00:53:40,142.104,142.104
2017-08-14 00:53:41,142.104,142.104
2017-08-14 00:53:43,142.104,142.104
2017-08-14 00:53:44,142.104,142.104
2017-08-14 00:53:45,142.104,142.104
2017-08-14 00:53:46,142.104,142.104
2017-08-14 00:53:47,142.104,142.104
2017-08-14 00:53:48,142.104,142.104
2017-08-14 00:53:50,142.104,142.104
2017-08-14 00:53:51,142.104,142.104
2017-08-14 00:53:52,142.104,142.104
2017-08-14 00:53:53,142.104,142.104
2017-08-14 00:53:54,142.104,142.104
2017-08-14 00:53:55,142.104,142.104
2017-08-14 00:53:57,142.104,142.104
2017-08-14 00:53:58,142.104,142.104
2017-08-14 00:53:59,142.104,142.104
2017-08-14 00:54:00,142.104,142.104
2017-08-14 00:54:01,142.104,142.104
2017-08-14 00:54:03,142.104,142.104
2017-08-14 00:54:04,142.104,142.104
2017-08-14 00:54:05,142.104,142.104
2017-08-14 00:54:06,142.104,142.104
2017-08-14 00:54:07,142.104,142.104
2017-08-14 00:54:08,142.104,142.104
2017-08-14 00:54:10,142.104,142.104
2017-08-14 00:54:11,142.104,142.104
2017-08-14 00:54:12,142.104,142.104
2017-08-14 00:54:13,142.104,142.104
2017-08-14 00:54:14,142.104,142.104
2017-08-14 00:54:16,142.104,142.104
2017-08-14 00:54:17,142.104,142.104
2017-08-14 00:54:18,142.104,142.104
2017-08-14 00:54:19,142.104,142.104
2017-08-14 00:54:20,142.104,142.104
2017-08-14 00:54:21,142.104,142.104
2017-08-14 00:54:23,142.104,142.104
2017-08-14 00:54:24,142.104,142.104
2017-08-14 00:54:25,142.104,142.104
2017-08-14 00:54:26,142.104,142.104
2017-08-14 00:54:27,142.104,142.104
2017-08-14 00:54:28,142.104,142.104
2017-08-14 00:54:30,142.104,142.104
2017-08-14 00:54:31,142.104,142.104
2017-08-14 00:54:32,142.104,142.104
2017-08-14 00:54:33,142.104,142.104
2017-08-14 00:54:34,142.104,142.104
