time,ask_price,bid_price
2017-08-11 19:17:52,123.0,123.0
2017-08-11 19:44:59,141.346,141.346
2017-08-11 19:45:00,141.346,141.346
2017-08-11 19:45:01,141.346,141.346
2017-08-11 19:45:02,141.346,141.346
2017-08-11 19:45:04,141.346,141.346
2017-08-11 19:45:05,141.346,141.346
2017-08-11 19:45:06,141.346,141.346
2017-08-11 19:45:07,141.346,141.346
2017-08-11 19:45:08,141.346,141.346
2017-08-11 19:45:10,141.346,141.346
2017-08-11 19:45:11,141.346,141.346
2017-08-11 19:45:12,141.348,141.348
2017-08-11 19:45:13,141.351,141.351
2017-08-11 19:45:14,141.353,141.353
2017-08-11 19:45:15,141.358,141.358
2017-08-11 19:45:17,141.356,141.356
2017-08-11 19:45:18,141.356,141.356
2017-08-11 19:45:19,141.356,141.356
2017-08-11 19:45:20,141.354,141.354
2017-08-11 19:45:21,141.352,141.352
2017-08-11 19:45:23,141.355,141.355
2017-08-11 19:45:24,141.355,141.355
2017-08-11 19:45:25,141.344,141.344
2017-08-11 19:45:26,141.34,141.34
2017-08-11 19:45:27,141.34,141.34
2017-08-11 19:45:28,141.346,141.346
2017-08-11 19:45:30,141.347,141.347
2017-08-11 19:45:31,141.355,141.355
2017-08-11 19:45:32,141.356,141.356
2017-08-11 19:45:33,141.355,141.355
2017-08-11 19:45:34,141.355,141.355
2017-08-11 19:45:36,141.358,141.358
2017-08-11 19:45:37,141.36,141.36
2017-08-11 19:45:38,141.36,141.36
2017-08-11 19:45:39,141.36,141.36
2017-08-11 19:45:40,141.36,141.36
2017-08-11 19:45:41,141.36,141.36
2017-08-11 19:45:43,141.36,141.36
2017-08-11 19:45:44,141.361,141.361
2017-08-11 19:45:45,141.36,141.36
2017-08-11 19:45:46,141.36,141.36
2017-08-11 19:45:47,141.368,141.368
2017-08-11 19:45:49,141.353,141.353
2017-08-11 19:45:50,141.347,141.347
2017-08-11 19:45:51,141.347,141.347
2017-08-11 19:45:52,141.353,141.353
2017-08-11 19:45:53,141.353,141.353
2017-08-11 19:45:54,141.354,141.354
2017-08-11 19:45:56,141.367,141.367
2017-08-11 19:45:57,141.367,141.367
2017-08-11 19:45:58,141.37,141.37
2017-08-11 19:45:59,141.38,141.38
2017-08-11 19:46:00,141.38,141.38
2017-08-11 19:46:02,141.372,141.372
2017-08-11 19:46:03,141.367,141.367
2017-08-11 19:46:04,141.37,141.37
2017-08-11 19:46:05,141.37,141.37
2017-08-11 19:46:06,141.37,141.37
2017-08-11 19:46:07,141.369,141.369
2017-08-11 19:46:09,141.369,141.369
2017-08-11 19:46:10,141.365,141.365
2017-08-11 19:46:11,141.365,141.365
2017-08-11 19:46:12,141.357,141.357
2017-08-11 19:46:13,141.36,141.36
2017-08-11 19:46:15,141.36,141.36
2017-08-11 19:46:16,141.36,141.36
2017-08-11 19:46:17,141.36,141.36
2017-08-11 19:46:18,141.36,141.36
2017-08-11 19:46:19,141.36,141.36
2017-08-11 19:46:20,141.36,141.36
2017-08-11 19:46:22,141.36,141.36
2017-08-11 19:46:23,141.36,141.36
2017-08-11 19:46:24,141.36,141.36
2017-08-11 19:46:25,141.36,141.36
2017-08-11 19:46:26,141.363,141.363
2017-08-11 19:46:28,141.363,141.363
2017-08-11 19:46:29,141.363,141.363
2017-08-11 19:46:30,141.363,141.363
2017-08-11 19:46:31,141.368,141.368
2017-08-11 19:46:32,141.38,141.38
2017-08-11 19:46:33,141.373,141.373
2017-08-11 19:46:35,141.37,141.37
2017-08-11 19:46:36,141.379,141.379
2017-08-11 19:46:37,141.38,141.38
2017-08-11 19:46:38,141.381,141.381
2017-08-11 19:46:39,141.38,141.38
2017-08-11 19:46:41,141.38,141.38
2017-08-11 19:46:42,141.385,141.385
2017-08-11 19:46:43,141.385,141.385
2017-08-11 19:46:44,141.385,141.385
2017-08-11 19:46:45,141.385,141.385
2017-08-11 19:46:46,141.385,141.385
2017-08-11 19:46:48,141.385,141.385
2017-08-11 19:46:49,141.385,141.385
2017-08-11 19:46:50,141.383,141.383
2017-08-11 19:46:51,141.383,141.383
2017-08-11 19:46:52,141.383,141.383
2017-08-11 19:46:54,141.383,141.383
2017-08-11 19:46:55,141.383,141.383
2017-08-11 19:46:56,141.383,141.383
2017-08-11 19:46:57,141.383,141.383
2017-08-11 19:46:58,141.383,141.383
2017-08-11 19:46:59,141.383,141.383
2017-08-11 19:47:01,141.383,141.383
2017-08-11 19:47:02,141.383,141.383
2017-08-11 19:47:03,141.383,141.383
2017-08-11 19:47:04,141.38,141.38
2017-08-11 19:47:05,141.38,141.38
2017-08-11 19:47:07,141.38,141.38
2017-08-11 19:47:08,141.38,141.38
2017-08-11 19:47:09,141.378,141.378
2017-08-11 19:47:10,141.378,141.378
2017-08-11 19:47:11,141.378,141.378
2017-08-11 19:47:12,141.378,141.378
2017-08-11 19:47:14,141.399,141.399
2017-08-11 19:47:15,141.407,141.407
2017-08-11 19:47:16,141.409,141.409
2017-08-11 19:47:17,141.406,141.406
2017-08-11 19:47:18,141.406,141.406
2017-08-11 19:47:20,141.396,141.396
2017-08-11 19:47:21,141.399,141.399
2017-08-11 19:47:22,141.412,141.412
2017-08-11 19:47:23,141.412,141.412
2017-08-11 19:47:24,141.413,141.413
2017-08-11 19:47:25,141.413,141.413
2017-08-11 19:47:27,141.414,141.414
2017-08-11 19:47:28,141.417,141.417
2017-08-11 19:47:29,141.417,141.417
2017-08-11 19:47:30,141.421,141.421
2017-08-11 19:47:31,141.424,141.424
2017-08-11 19:47:33,141.426,141.426
2017-08-11 19:47:34,141.422,141.422
2017-08-11 19:47:35,141.414,141.414
2017-08-11 19:47:36,141.417,141.417
2017-08-11 19:47:37,141.415,141.415
2017-08-11 19:47:38,141.416,141.416
2017-08-11 19:47:40,141.416,141.416
2017-08-11 19:47:41,141.42,141.42
2017-08-11 19:47:42,141.421,141.421
2017-08-11 19:47:43,141.421,141.421
2017-08-11 19:47:44,141.421,141.421
2017-08-11 19:47:46,141.414,141.414
2017-08-11 19:47:47,141.414,141.414
2017-08-11 19:47:48,141.414,141.414
2017-08-11 19:47:49,141.414,141.414
2017-08-11 19:47:50,141.414,141.414
2017-08-11 19:47:51,141.414,141.414
2017-08-11 19:47:53,141.416,141.416
2017-08-11 19:47:54,141.42,141.42
2017-08-11 19:47:55,141.419,141.419
2017-08-11 19:47:56,141.421,141.421
2017-08-11 19:47:57,141.421,141.421
2017-08-11 19:47:58,141.421,141.421
2017-08-11 19:48:00,141.41,141.41
2017-08-11 19:48:01,141.411,141.411
2017-08-11 19:48:02,141.409,141.409
2017-08-11 19:48:03,141.41,141.41
2017-08-11 19:48:04,141.409,141.409
2017-08-11 19:48:06,141.41,141.41
2017-08-11 19:48:07,141.409,141.409
2017-08-11 19:48:08,141.409,141.409
2017-08-11 19:48:09,141.409,141.409
2017-08-11 19:48:10,141.409,141.409
2017-08-11 19:48:11,141.405,141.405
2017-08-11 19:48:13,141.405,141.405
2017-08-11 19:48:14,141.406,141.406
2017-08-11 19:48:15,141.406,141.406
2017-08-11 19:48:16,141.406,141.406
2017-08-11 19:48:17,141.407,141.407
2017-08-11 19:48:19,141.407,141.407
2017-08-11 19:48:20,141.407,141.407
2017-08-11 19:48:21,141.407,141.407
2017-08-11 19:48:22,141.407,141.407
2017-08-11 19:48:23,141.406,141.406
2017-08-11 19:48:24,141.406,141.406
2017-08-11 19:48:26,141.406,141.406
2017-08-11 19:48:27,141.407,141.407
2017-08-11 19:48:28,141.414,141.414
2017-08-11 19:48:29,141.42,141.42
2017-08-11 19:48:30,141.421,141.421
2017-08-11 19:48:32,141.423,141.423
2017-08-11 19:48:33,141.423,141.423
2017-08-11 19:48:34,141.424,141.424
2017-08-11 19:48:35,141.424,141.424
2017-08-11 19:48:36,141.425,141.425
2017-08-11 19:48:37,141.425,141.425
2017-08-11 19:48:39,141.433,141.433
2017-08-11 19:48:40,141.433,141.433
2017-08-11 19:48:41,141.432,141.432
2017-08-11 19:48:42,141.436,141.436
2017-08-11 19:48:43,141.436,141.436
2017-08-11 19:48:45,141.436,141.436
2017-08-11 19:48:46,141.436,141.436
2017-08-11 19:48:47,141.442,141.442
2017-08-11 19:48:48,141.442,141.442
2017-08-11 19:48:49,141.442,141.442
2017-08-11 19:48:50,141.442,141.442
2017-08-11 19:48:52,141.442,141.442
2017-08-11 19:48:53,141.442,141.442
2017-08-11 19:48:54,141.443,141.443
2017-08-11 19:48:55,141.442,141.442
2017-08-11 19:48:56,141.436,141.436
2017-08-11 19:48:58,141.436,141.436
2017-08-11 19:48:59,141.436,141.436
2017-08-11 19:49:00,141.441,141.441
2017-08-11 19:49:01,141.441,141.441
2017-08-11 19:49:02,141.441,141.441
2017-08-11 19:49:03,141.434,141.434
2017-08-11 19:49:05,141.433,141.433
2017-08-11 19:49:06,141.433,141.433
2017-08-11 19:49:07,141.433,141.433
2017-08-11 19:49:08,141.434,141.434
2017-08-11 19:49:09,141.431,141.431
2017-08-11 19:49:11,141.431,141.431
2017-08-11 19:49:12,141.431,141.431
2017-08-11 19:49:13,141.431,141.431
2017-08-11 19:49:14,141.431,141.431
2017-08-11 19:49:15,141.431,141.431
2017-08-11 19:49:16,141.431,141.431
2017-08-11 19:49:18,141.431,141.431
2017-08-11 19:49:19,141.431,141.431
2017-08-11 19:49:20,141.431,141.431
2017-08-11 19:49:21,141.431,141.431
2017-08-11 19:49:22,141.431,141.431
2017-08-11 19:49:24,141.431,141.431
2017-08-11 19:49:25,141.431,141.431
2017-08-11 19:49:26,141.431,141.431
2017-08-11 19:49:27,141.431,141.431
2017-08-11 19:49:28,141.425,141.425
2017-08-11 19:49:29,141.424,141.424
2017-08-11 19:49:31,141.423,141.423
2017-08-11 19:49:32,141.424,141.424
2017-08-11 19:49:33,141.424,141.424
2017-08-11 19:49:34,141.424,141.424
2017-08-11 19:49:35,141.424,141.424
2017-08-11 19:49:37,141.424,141.424
2017-08-11 19:49:38,141.424,141.424
2017-08-11 19:49:39,141.424,141.424
2017-08-11 19:49:40,141.424,141.424
2017-08-11 19:49:41,141.424,141.424
2017-08-11 19:49:42,141.424,141.424
2017-08-11 19:49:44,141.424,141.424
2017-08-11 19:49:45,141.424,141.424
2017-08-11 19:49:46,141.428,141.428
2017-08-11 19:49:47,141.428,141.428
2017-08-11 19:49:48,141.428,141.428
2017-08-11 19:49:50,141.428,141.428
2017-08-11 19:49:51,141.428,141.428
2017-08-11 19:49:52,141.428,141.428
2017-08-11 19:49:53,141.428,141.428
2017-08-11 19:49:54,141.428,141.428
2017-08-11 19:49:55,141.428,141.428
2017-08-11 19:49:57,141.424,141.424
2017-08-11 19:49:58,141.43,141.43
2017-08-11 19:49:59,141.433,141.433
2017-08-11 19:50:00,141.433,141.433
2017-08-11 19:50:01,141.433,141.433
2017-08-11 19:50:03,141.428,141.428
2017-08-11 19:50:04,141.427,141.427
2017-08-11 19:50:05,141.428,141.428
2017-08-11 19:50:06,141.427,141.427
2017-08-11 19:50:07,141.427,141.427
2017-08-11 19:50:08,141.427,141.427
2017-08-11 19:50:10,141.427,141.427
2017-08-11 19:50:11,141.427,141.427
2017-08-11 19:50:12,141.427,141.427
2017-08-11 19:50:13,141.423,141.423
2017-08-11 19:50:14,141.423,141.423
2017-08-11 19:50:16,141.423,141.423
2017-08-11 19:50:17,141.423,141.423
2017-08-11 19:50:18,141.423,141.423
2017-08-11 19:50:19,141.423,141.423
2017-08-11 19:50:20,141.423,141.423
2017-08-11 19:50:21,141.423,141.423
2017-08-11 19:50:23,141.423,141.423
2017-08-11 19:50:24,141.423,141.423
2017-08-11 19:50:25,141.423,141.423
2017-08-11 19:50:26,141.423,141.423
2017-08-11 19:50:27,141.423,141.423
2017-08-11 19:50:29,141.423,141.423
2017-08-11 19:50:30,141.418,141.418
2017-08-11 19:50:31,141.419,141.419
2017-08-11 19:50:32,141.419,141.419
2017-08-11 19:50:33,141.419,141.419
2017-08-11 19:50:34,141.419,141.419
2017-08-11 19:50:36,141.419,141.419
2017-08-11 19:50:37,141.417,141.417
2017-08-11 19:50:38,141.417,141.417
2017-08-11 19:50:39,141.417,141.417
2017-08-11 19:50:40,141.417,141.417
2017-08-11 19:50:42,141.417,141.417
2017-08-11 19:50:43,141.416,141.416
2017-08-11 19:50:44,141.416,141.416
2017-08-11 19:50:45,141.416,141.416
2017-08-11 19:50:46,141.417,141.417
2017-08-11 19:50:47,141.417,141.417
2017-08-11 19:50:49,141.417,141.417
2017-08-11 19:50:50,141.417,141.417
2017-08-11 19:50:51,141.417,141.417
2017-08-11 19:50:52,141.417,141.417
2017-08-11 19:50:53,141.417,141.417
2017-08-11 19:50:55,141.417,141.417
2017-08-11 19:50:56,141.417,141.417
2017-08-11 19:50:57,141.417,141.417
2017-08-11 19:50:58,141.417,141.417
2017-08-11 19:50:59,141.417,141.417
2017-08-11 19:51:00,141.416,141.416
2017-08-11 19:51:02,141.416,141.416
2017-08-11 19:51:03,141.416,141.416
2017-08-11 19:51:04,141.416,141.416
2017-08-11 19:51:05,141.416,141.416
2017-08-11 19:51:06,141.416,141.416
2017-08-11 19:51:08,141.416,141.416
2017-08-11 19:51:09,141.416,141.416
2017-08-11 19:51:10,141.416,141.416
2017-08-11 19:51:11,141.416,141.416
2017-08-11 19:51:12,141.416,141.416
2017-08-11 19:51:13,141.416,141.416
2017-08-11 19:51:15,141.418,141.418
2017-08-11 19:51:16,141.422,141.422
2017-08-11 19:51:17,141.423,141.423
2017-08-11 19:51:18,141.424,141.424
2017-08-11 19:51:19,141.424,141.424
2017-08-11 19:51:21,141.424,141.424
2017-08-11 19:51:22,141.424,141.424
2017-08-11 19:51:23,141.424,141.424
2017-08-11 19:51:24,141.424,141.424
2017-08-11 19:51:25,141.427,141.427
2017-08-11 19:51:26,141.427,141.427
2017-08-11 19:51:28,141.424,141.424
2017-08-11 19:51:29,141.421,141.421
2017-08-11 19:51:30,141.421,141.421
2017-08-11 19:51:31,141.423,141.423
2017-08-11 19:51:32,141.422,141.422
2017-08-11 19:51:34,141.423,141.423
2017-08-11 19:51:35,141.423,141.423
2017-08-11 19:51:36,141.423,141.423
2017-08-11 19:51:37,141.423,141.423
2017-08-11 19:51:38,141.423,141.423
2017-08-11 19:51:39,141.423,141.423
2017-08-11 19:51:41,141.424,141.424
2017-08-11 19:51:42,141.424,141.424
2017-08-11 19:51:43,141.426,141.426
2017-08-11 19:51:44,141.426,141.426
2017-08-11 19:51:45,141.431,141.431
2017-08-11 19:51:46,141.428,141.428
2017-08-11 19:51:48,141.43,141.43
2017-08-11 19:51:49,141.43,141.43
2017-08-11 19:51:50,141.43,141.43
2017-08-11 19:51:51,141.43,141.43
2017-08-11 19:51:52,141.43,141.43
2017-08-11 19:51:54,141.433,141.433
2017-08-11 19:51:55,141.432,141.432
2017-08-11 19:51:56,141.432,141.432
2017-08-11 19:51:57,141.432,141.432
2017-08-11 19:51:58,141.432,141.432
2017-08-11 19:51:59,141.432,141.432
2017-08-11 19:52:01,141.432,141.432
2017-08-11 19:52:02,141.432,141.432
2017-08-11 19:52:03,141.432,141.432
2017-08-11 19:52:04,141.432,141.432
2017-08-11 19:52:05,141.431,141.431
2017-08-11 19:52:07,141.43,141.43
2017-08-11 19:52:08,141.43,141.43
2017-08-11 19:52:09,141.43,141.43
2017-08-11 19:52:10,141.43,141.43
2017-08-11 19:52:11,141.43,141.43
2017-08-11 19:52:12,141.43,141.43
2017-08-11 19:52:14,141.431,141.431
2017-08-11 19:52:15,141.431,141.431
2017-08-11 19:52:16,141.431,141.431
2017-08-11 19:52:17,141.431,141.431
2017-08-11 19:52:18,141.431,141.431
2017-08-11 19:52:20,141.436,141.436
2017-08-11 19:52:21,141.436,141.436
2017-08-11 19:52:22,141.431,141.431
2017-08-11 19:52:23,141.432,141.432
2017-08-11 19:52:24,141.432,141.432
2017-08-11 19:52:25,141.432,141.432
2017-08-11 19:52:27,141.432,141.432
2017-08-11 19:52:28,141.435,141.435
2017-08-11 19:52:29,141.435,141.435
2017-08-11 19:52:30,141.435,141.435
2017-08-11 19:52:31,141.437,141.437
2017-08-11 19:52:33,141.44,141.44
2017-08-11 19:52:34,141.44,141.44
2017-08-11 19:52:35,141.45,141.45
2017-08-11 19:52:36,141.443,141.443
2017-08-11 19:52:37,141.443,141.443
2017-08-11 19:52:38,141.443,141.443
2017-08-11 19:52:40,141.448,141.448
2017-08-11 19:52:41,141.46,141.46
2017-08-11 19:52:42,141.46,141.46
2017-08-11 19:52:43,141.46,141.46
2017-08-11 19:52:44,141.46,141.46
2017-08-11 19:52:46,141.46,141.46
2017-08-11 19:52:47,141.46,141.46
2017-08-11 19:52:48,141.46,141.46
2017-08-11 19:52:49,141.46,141.46
2017-08-11 19:52:50,141.46,141.46
2017-08-11 19:52:51,141.46,141.46
2017-08-11 19:52:53,141.46,141.46
2017-08-11 19:52:54,141.46,141.46
2017-08-11 19:52:55,141.462,141.462
2017-08-11 19:52:56,141.456,141.456
2017-08-11 19:52:57,141.457,141.457
2017-08-11 19:52:59,141.463,141.463
2017-08-11 19:53:00,141.465,141.465
2017-08-11 19:53:01,141.465,141.465
2017-08-11 19:53:02,141.465,141.465
2017-08-11 19:53:03,141.467,141.467
2017-08-11 19:53:04,141.467,141.467
2017-08-11 19:53:06,141.467,141.467
2017-08-11 19:53:07,141.469,141.469
2017-08-11 19:53:08,141.466,141.466
2017-08-11 19:53:09,141.466,141.466
2017-08-11 19:53:10,141.465,141.465
2017-08-11 19:53:12,141.466,141.466
2017-08-11 19:53:13,141.466,141.466
2017-08-11 19:53:14,141.466,141.466
2017-08-11 19:53:15,141.466,141.466
2017-08-11 19:53:16,141.466,141.466
2017-08-11 19:53:17,141.466,141.466
2017-08-11 19:53:19,141.462,141.462
2017-08-11 19:53:20,141.462,141.462
2017-08-11 19:53:21,141.462,141.462
2017-08-11 19:53:22,141.469,141.469
2017-08-11 19:53:23,141.467,141.467
2017-08-11 19:53:25,141.467,141.467
2017-08-11 19:53:26,141.467,141.467
2017-08-11 19:53:27,141.455,141.455
2017-08-11 19:53:28,141.46,141.46
2017-08-11 19:53:29,141.459,141.459
2017-08-11 19:53:30,141.457,141.457
2017-08-11 19:53:32,141.457,141.457
2017-08-11 19:53:33,141.458,141.458
2017-08-11 19:53:34,141.458,141.458
2017-08-11 19:53:35,141.459,141.459
2017-08-11 19:53:36,141.459,141.459
2017-08-11 19:53:38,141.459,141.459
2017-08-11 19:53:39,141.452,141.452
2017-08-11 19:53:40,141.451,141.451
2017-08-11 19:53:41,141.451,141.451
2017-08-11 19:53:42,141.451,141.451
2017-08-11 19:53:43,141.451,141.451
2017-08-11 19:53:45,141.453,141.453
2017-08-11 19:53:46,141.453,141.453
2017-08-11 19:53:47,141.452,141.452
2017-08-11 19:53:48,141.454,141.454
2017-08-11 19:53:49,141.454,141.454
2017-08-11 19:53:51,141.452,141.452
2017-08-11 19:53:52,141.452,141.452
2017-08-11 19:53:53,141.452,141.452
2017-08-11 19:53:54,141.46,141.46
2017-08-11 19:53:55,141.46,141.46
2017-08-11 19:53:56,141.46,141.46
2017-08-11 19:53:58,141.46,141.46
2017-08-11 19:53:59,141.457,141.457
2017-08-11 19:54:00,141.454,141.454
2017-08-11 19:54:01,141.454,141.454
2017-08-11 19:54:02,141.455,141.455
2017-08-11 19:54:04,141.449,141.449
2017-08-11 19:54:05,141.449,141.449
2017-08-11 19:54:06,141.449,141.449
2017-08-11 19:54:07,141.448,141.448
2017-08-11 19:54:08,141.448,141.448
2017-08-11 19:54:09,141.453,141.453
2017-08-11 19:54:11,141.453,141.453
2017-08-11 19:54:12,141.453,141.453
2017-08-11 19:54:13,141.46,141.46
2017-08-11 19:54:14,141.462,141.462
2017-08-11 19:54:15,141.464,141.464
2017-08-11 19:54:17,141.464,141.464
2017-08-11 19:54:18,141.464,141.464
2017-08-11 19:54:19,141.464,141.464
2017-08-11 19:54:20,141.464,141.464
2017-08-11 19:54:21,141.464,141.464
2017-08-11 19:54:22,141.468,141.468
2017-08-11 19:54:24,141.466,141.466
2017-08-11 19:54:25,141.466,141.466
2017-08-11 19:54:26,141.468,141.468
2017-08-11 19:54:27,141.47,141.47
2017-08-11 19:54:28,141.474,141.474
2017-08-11 19:54:30,141.473,141.473
2017-08-11 19:54:31,141.473,141.473
2017-08-11 19:54:32,141.473,141.473
2017-08-11 19:54:33,141.473,141.473
2017-08-11 19:54:34,141.476,141.476
2017-08-11 19:54:35,141.475,141.475
2017-08-11 19:54:37,141.476,141.476
2017-08-11 19:54:38,141.476,141.476
2017-08-11 19:54:39,141.474,141.474
2017-08-11 19:54:40,141.477,141.477
2017-08-11 19:54:41,141.474,141.474
2017-08-11 19:54:43,141.474,141.474
2017-08-11 19:54:44,141.474,141.474
2017-08-11 19:54:45,141.474,141.474
2017-08-11 19:54:46,141.465,141.465
2017-08-11 19:54:47,141.465,141.465
2017-08-11 19:54:48,141.465,141.465
2017-08-11 19:54:50,141.465,141.465
2017-08-11 19:54:51,141.464,141.464
2017-08-11 19:54:52,141.464,141.464
2017-08-11 19:54:53,141.462,141.462
2017-08-11 19:54:54,141.464,141.464
2017-08-11 19:54:56,141.464,141.464
2017-08-11 19:54:57,141.464,141.464
2017-08-11 19:54:58,141.46,141.46
2017-08-11 19:54:59,141.46,141.46
2017-08-11 19:55:00,141.46,141.46
2017-08-11 19:55:01,141.469,141.469
2017-08-11 19:55:03,141.476,141.476
2017-08-11 19:55:04,141.478,141.478
2017-08-11 19:55:05,141.478,141.478
2017-08-11 19:55:06,141.48,141.48
2017-08-11 19:55:07,141.48,141.48
2017-08-11 19:55:09,141.48,141.48
2017-08-11 19:55:10,141.48,141.48
2017-08-11 19:55:11,141.48,141.48
2017-08-11 19:55:12,141.48,141.48
2017-08-11 19:55:13,141.48,141.48
2017-08-11 19:55:14,141.48,141.48
2017-08-11 19:55:16,141.48,141.48
2017-08-11 19:55:17,141.48,141.48
2017-08-11 19:55:18,141.474,141.474
2017-08-11 19:55:19,141.474,141.474
2017-08-11 19:55:20,141.468,141.468
2017-08-11 19:55:22,141.475,141.475
2017-08-11 19:55:23,141.475,141.475
2017-08-11 19:55:24,141.475,141.475
2017-08-11 19:55:25,141.475,141.475
2017-08-11 19:55:26,141.475,141.475
2017-08-11 19:55:27,141.475,141.475
2017-08-11 19:55:29,141.469,141.469
2017-08-11 19:55:30,141.472,141.472
2017-08-11 19:55:31,141.466,141.466
2017-08-11 19:55:32,141.469,141.469
2017-08-11 19:55:33,141.469,141.469
2017-08-11 19:55:35,141.469,141.469
2017-08-11 19:55:36,141.462,141.462
2017-08-11 19:55:37,141.462,141.462
2017-08-11 19:55:38,141.462,141.462
2017-08-11 19:55:39,141.462,141.462
2017-08-11 19:55:40,141.464,141.464
2017-08-11 19:55:42,141.464,141.464
2017-08-11 19:55:43,141.466,141.466
2017-08-11 19:55:44,141.468,141.468
2017-08-11 19:55:45,141.462,141.462
2017-08-11 19:55:46,141.465,141.465
2017-08-11 19:55:48,141.467,141.467
2017-08-11 19:55:49,141.468,141.468
2017-08-11 19:55:50,141.473,141.473
2017-08-11 19:55:51,141.471,141.471
2017-08-11 19:55:52,141.466,141.466
2017-08-11 19:55:53,141.474,141.474
2017-08-11 19:55:55,141.469,141.469
2017-08-11 19:55:56,141.469,141.469
2017-08-11 19:55:57,141.465,141.465
2017-08-11 19:55:58,141.458,141.458
2017-08-11 19:55:59,141.46,141.46
2017-08-11 19:56:01,141.46,141.46
2017-08-11 19:56:02,141.464,141.464
2017-08-11 19:56:03,141.464,141.464
2017-08-11 19:56:04,141.462,141.462
2017-08-11 19:56:05,141.462,141.462
2017-08-11 19:56:06,141.471,141.471
2017-08-11 19:56:08,141.465,141.465
2017-08-11 19:56:09,141.469,141.469
2017-08-11 19:56:10,141.467,141.467
2017-08-11 19:56:11,141.467,141.467
2017-08-11 19:56:12,141.465,141.465
2017-08-11 19:56:14,141.465,141.465
2017-08-11 19:56:15,141.465,141.465
2017-08-11 19:56:16,141.467,141.467
2017-08-11 19:56:17,141.466,141.466
2017-08-11 19:56:18,141.462,141.462
2017-08-11 19:56:19,141.462,141.462
2017-08-11 19:56:21,141.462,141.462
2017-08-11 19:56:22,141.463,141.463
2017-08-11 19:56:23,141.462,141.462
2017-08-11 19:56:24,141.462,141.462
2017-08-11 19:56:25,141.462,141.462
2017-08-11 19:56:27,141.464,141.464
2017-08-11 19:56:28,141.465,141.465
2017-08-11 19:56:29,141.464,141.464
2017-08-11 19:56:30,141.466,141.466
2017-08-11 19:56:31,141.464,141.464
2017-08-11 19:56:32,141.465,141.465
2017-08-11 19:56:34,141.458,141.458
2017-08-11 19:56:35,141.457,141.457
2017-08-11 19:56:36,141.457,141.457
2017-08-11 19:56:37,141.457,141.457
2017-08-11 19:56:38,141.461,141.461
2017-08-11 19:56:40,141.464,141.464
2017-08-11 19:56:41,141.464,141.464
2017-08-11 19:56:42,141.464,141.464
2017-08-11 19:56:43,141.464,141.464
2017-08-11 19:56:44,141.461,141.461
2017-08-11 19:56:45,141.46,141.46
2017-08-11 19:56:47,141.46,141.46
2017-08-11 19:56:48,141.46,141.46
2017-08-11 19:56:49,141.46,141.46
2017-08-11 19:56:50,141.46,141.46
2017-08-11 19:56:51,141.46,141.46
2017-08-11 19:56:53,141.456,141.456
2017-08-11 19:56:54,141.456,141.456
2017-08-11 19:56:55,141.458,141.458
2017-08-11 19:56:56,141.458,141.458
2017-08-11 19:56:57,141.458,141.458
2017-08-11 19:56:58,141.447,141.447
2017-08-11 19:57:00,141.44,141.44
2017-08-11 19:57:01,141.44,141.44
2017-08-11 19:57:02,141.44,141.44
2017-08-11 19:57:03,141.433,141.433
2017-08-11 19:57:04,141.436,141.436
2017-08-11 19:57:06,141.439,141.439
2017-08-11 19:57:07,141.438,141.438
2017-08-11 19:57:08,141.44,141.44
2017-08-11 19:57:09,141.439,141.439
2017-08-11 19:57:10,141.441,141.441
2017-08-11 19:57:11,141.441,141.441
2017-08-11 19:57:13,141.44,141.44
2017-08-11 19:57:14,141.446,141.446
2017-08-11 19:57:15,141.439,141.439
2017-08-11 19:57:16,141.436,141.436
2017-08-11 19:57:17,141.433,141.433
2017-08-11 19:57:18,141.434,141.434
2017-08-11 19:57:20,141.434,141.434
2017-08-11 19:57:21,141.434,141.434
2017-08-11 19:57:22,141.435,141.435
2017-08-11 19:57:23,141.435,141.435
2017-08-11 19:57:24,141.435,141.435
2017-08-11 19:57:26,141.434,141.434
2017-08-11 19:57:27,141.435,141.435
2017-08-11 19:57:28,141.43,141.43
2017-08-11 19:57:29,141.431,141.431
2017-08-11 19:57:30,141.424,141.424
2017-08-11 19:57:31,141.422,141.422
2017-08-11 19:57:33,141.422,141.422
2017-08-11 19:57:34,141.425,141.425
2017-08-11 19:57:35,141.425,141.425
2017-08-11 19:57:36,141.425,141.425
2017-08-11 19:57:37,141.427,141.427
2017-08-11 19:57:39,141.421,141.421
2017-08-11 19:57:40,141.42,141.42
2017-08-11 19:57:41,141.42,141.42
2017-08-11 19:57:42,141.425,141.425
2017-08-11 19:57:43,141.426,141.426
2017-08-11 19:57:44,141.426,141.426
2017-08-11 19:57:46,141.426,141.426
2017-08-11 19:57:47,141.426,141.426
2017-08-11 19:57:48,141.426,141.426
2017-08-11 19:57:49,141.426,141.426
2017-08-11 19:57:50,141.417,141.417
2017-08-11 19:57:52,141.421,141.421
2017-08-11 19:57:53,141.424,141.424
2017-08-11 19:57:54,141.429,141.429
2017-08-11 19:57:55,141.438,141.438
2017-08-11 19:57:56,141.438,141.438
2017-08-11 19:57:57,141.438,141.438
2017-08-11 19:57:59,141.437,141.437
2017-08-11 19:58:00,141.438,141.438
2017-08-11 19:58:01,141.428,141.428
2017-08-11 19:58:02,141.425,141.425
2017-08-11 19:58:03,141.425,141.425
2017-08-11 19:58:05,141.425,141.425
2017-08-11 19:58:06,141.433,141.433
2017-08-11 19:58:07,141.43,141.43
2017-08-11 19:58:08,141.426,141.426
2017-08-11 19:58:09,141.42,141.42
2017-08-11 19:58:10,141.414,141.414
2017-08-11 19:58:12,141.411,141.411
2017-08-11 19:58:13,141.411,141.411
2017-08-11 19:58:14,141.412,141.412
2017-08-11 19:58:15,141.412,141.412
2017-08-11 19:58:16,141.409,141.409
2017-08-11 19:58:18,141.413,141.413
2017-08-11 19:58:19,141.413,141.413
2017-08-11 19:58:20,141.413,141.413
2017-08-11 19:58:21,141.407,141.407
2017-08-11 19:58:22,141.406,141.406
2017-08-11 19:58:23,141.407,141.407
2017-08-11 19:58:25,141.406,141.406
2017-08-11 19:58:26,141.406,141.406
2017-08-11 19:58:27,141.401,141.401
2017-08-11 19:58:28,141.397,141.397
2017-08-11 19:58:29,141.393,141.393
2017-08-11 19:58:31,141.399,141.399
2017-08-11 19:58:32,141.396,141.396
2017-08-11 19:58:33,141.396,141.396
2017-08-11 19:58:34,141.397,141.397
2017-08-11 19:58:35,141.403,141.403
2017-08-11 19:58:36,141.406,141.406
2017-08-11 19:58:38,141.408,141.408
2017-08-11 19:58:39,141.408,141.408
2017-08-11 19:58:40,141.408,141.408
2017-08-11 19:58:41,141.408,141.408
2017-08-11 19:58:42,141.408,141.408
2017-08-11 19:58:44,141.418,141.418
2017-08-11 19:58:45,141.419,141.419
2017-08-11 19:58:46,141.419,141.419
2017-08-11 19:58:47,141.42,141.42
2017-08-11 19:58:48,141.432,141.432
2017-08-11 19:58:49,141.432,141.432
2017-08-11 19:58:51,141.432,141.432
2017-08-11 19:58:52,141.428,141.428
2017-08-11 19:58:53,141.432,141.432
2017-08-11 19:58:54,141.43,141.43
2017-08-11 19:58:55,141.436,141.436
2017-08-11 19:58:57,141.435,141.435
2017-08-11 19:58:58,141.437,141.437
2017-08-11 19:58:59,141.437,141.437
2017-08-11 19:59:00,141.439,141.439
2017-08-11 19:59:01,141.435,141.435
2017-08-11 19:59:02,141.43,141.43
2017-08-11 19:59:04,141.433,141.433
2017-08-11 19:59:05,141.433,141.433
2017-08-11 19:59:06,141.433,141.433
2017-08-11 19:59:07,141.43,141.43
2017-08-11 19:59:08,141.43,141.43
2017-08-11 19:59:09,141.43,141.43
2017-08-11 19:59:10,141.43,141.43
2017-08-11 19:59:10,141.432,141.432
2017-08-11 19:59:11,141.432,141.432
2017-08-11 19:59:12,141.432,141.432
2017-08-11 19:59:12,141.432,141.432
2017-08-11 19:59:13,141.432,141.432
2017-08-11 19:59:13,141.432,141.432
2017-08-11 19:59:14,141.431,141.431
2017-08-11 19:59:14,141.431,141.431
2017-08-11 19:59:15,141.42,141.42
2017-08-11 19:59:15,141.42,141.42
2017-08-11 19:59:16,141.42,141.42
2017-08-11 19:59:17,141.421,141.421
2017-08-11 19:59:17,141.421,141.421
2017-08-11 19:59:18,141.422,141.422
2017-08-11 19:59:19,141.422,141.422
2017-08-11 19:59:19,141.422,141.422
2017-08-11 19:59:20,141.422,141.422
2017-08-11 19:59:20,141.422,141.422
2017-08-11 19:59:21,141.422,141.422
2017-08-11 19:59:21,141.422,141.422
2017-08-11 19:59:22,141.424,141.424
2017-08-11 19:59:23,141.424,141.424
2017-08-11 19:59:23,141.423,141.423
2017-08-11 19:59:24,141.421,141.421
2017-08-11 19:59:24,141.421,141.421
2017-08-11 19:59:25,141.421,141.421
2017-08-11 19:59:26,141.421,141.421
2017-08-11 19:59:26,141.421,141.421
2017-08-11 19:59:27,141.421,141.421
2017-08-11 19:59:27,141.417,141.417
2017-08-11 19:59:28,141.419,141.419
2017-08-11 19:59:28,141.419,141.419
2017-08-11 19:59:29,141.419,141.419
2017-08-11 19:59:30,141.419,141.419
2017-08-11 19:59:30,141.419,141.419
2017-08-11 19:59:31,141.419,141.419
2017-08-11 19:59:31,141.412,141.412
2017-08-11 19:59:32,141.409,141.409
2017-08-11 19:59:33,141.41,141.41
2017-08-11 19:59:33,141.411,141.411
2017-08-11 19:59:34,141.406,141.406
2017-08-11 19:59:34,141.406,141.406
2017-08-11 19:59:35,141.405,141.405
2017-08-11 19:59:36,141.405,141.405
2017-08-11 19:59:36,141.408,141.408
2017-08-11 19:59:37,141.408,141.408
2017-08-11 19:59:37,141.409,141.409
2017-08-11 19:59:38,141.408,141.408
2017-08-11 19:59:38,141.409,141.409
2017-08-11 19:59:39,141.412,141.412
2017-08-11 19:59:40,141.413,141.413
2017-08-11 19:59:40,141.413,141.413
2017-08-11 19:59:41,141.413,141.413
2017-08-11 19:59:41,141.413,141.413
2017-08-11 19:59:42,141.413,141.413
2017-08-11 19:59:43,141.414,141.414
2017-08-11 19:59:43,141.414,141.414
2017-08-11 19:59:44,141.414,141.414
2017-08-11 19:59:44,141.414,141.414
2017-08-11 19:59:45,141.407,141.407
2017-08-11 19:59:46,141.401,141.401
2017-08-11 19:59:46,141.4,141.4
2017-08-11 19:59:47,141.4,141.4
2017-08-11 19:59:47,141.401,141.401
2017-08-11 19:59:48,141.406,141.406
2017-08-11 19:59:49,141.404,141.404
2017-08-11 19:59:49,141.404,141.404
2017-08-11 19:59:50,141.406,141.406
2017-08-11 19:59:50,141.406,141.406
2017-08-11 19:59:51,141.402,141.402
2017-08-11 19:59:51,141.402,141.402
2017-08-11 19:59:52,141.396,141.396
2017-08-11 19:59:53,141.396,141.396
2017-08-11 19:59:53,141.397,141.397
2017-08-11 19:59:54,141.399,141.399
2017-08-11 19:59:54,141.4,141.4
2017-08-11 19:59:55,141.399,141.399
2017-08-11 19:59:56,141.399,141.399
2017-08-11 19:59:56,141.399,141.399
2017-08-11 19:59:57,141.399,141.399
2017-08-11 19:59:57,141.399,141.399
2017-08-11 19:59:58,141.399,141.399
2017-08-11 19:59:58,141.399,141.399
2017-08-11 19:59:59,141.399,141.399
2017-08-11 20:00:00,141.399,141.399
2017-08-11 20:00:00,141.407,141.407
2017-08-11 20:00:01,141.407,141.407
2017-08-11 20:00:02,141.407,141.407
2017-08-11 20:00:02,141.402,141.402
2017-08-11 20:00:03,141.397,141.397
2017-08-11 20:00:03,141.397,141.397
2017-08-11 20:00:04,141.397,141.397
2017-08-11 20:00:04,141.406,141.406
2017-08-11 20:00:05,141.409,141.409
2017-08-11 20:00:05,141.409,141.409
2017-08-11 20:00:06,141.409,141.409
2017-08-11 20:00:07,141.409,141.409
2017-08-11 20:00:07,141.409,141.409
2017-08-11 20:00:08,141.409,141.409
2017-08-11 20:00:09,141.409,141.409
2017-08-11 20:00:09,141.411,141.411
2017-08-11 20:00:10,141.416,141.416
2017-08-11 20:00:10,141.421,141.421
2017-08-11 20:00:11,141.424,141.424
2017-08-11 20:00:11,141.423,141.423
2017-08-11 20:00:12,141.416,141.416
2017-08-11 20:00:12,141.416,141.416
2017-08-11 20:00:13,141.416,141.416
2017-08-11 20:00:14,141.416,141.416
2017-08-11 20:00:15,141.416,141.416
2017-08-11 20:00:15,141.416,141.416
2017-08-11 20:00:16,141.414,141.414
2017-08-11 20:00:16,141.414,141.414
2017-08-11 20:00:17,141.414,141.414
2017-08-11 20:00:17,141.414,141.414
2017-08-11 20:00:18,141.412,141.412
2017-08-11 20:00:18,141.412,141.412
2017-08-11 20:00:19,141.412,141.412
2017-08-11 20:00:20,141.412,141.412
2017-08-11 20:00:20,141.418,141.418
2017-08-11 20:00:21,141.418,141.418
2017-08-11 20:00:22,141.419,141.419
2017-08-11 20:00:22,141.419,141.419
2017-08-11 20:00:23,141.419,141.419
2017-08-11 20:00:23,141.419,141.419
2017-08-11 20:00:24,141.416,141.416
2017-08-11 20:00:24,141.414,141.414
2017-08-11 20:00:25,141.414,141.414
2017-08-11 20:00:25,141.414,141.414
2017-08-11 20:00:26,141.414,141.414
2017-08-11 20:00:27,141.413,141.413
2017-08-11 20:00:28,141.413,141.413
2017-08-11 20:00:28,141.413,141.413
2017-08-11 20:00:29,141.413,141.413
2017-08-11 20:00:29,141.413,141.413
2017-08-11 20:00:30,141.413,141.413
2017-08-11 20:00:30,141.413,141.413
2017-08-11 20:00:31,141.413,141.413
2017-08-11 20:00:31,141.413,141.413
2017-08-11 20:00:32,141.415,141.415
2017-08-11 20:00:32,141.418,141.418
2017-08-11 20:00:33,141.419,141.419
2017-08-11 20:00:34,141.419,141.419
2017-08-11 20:00:35,141.419,141.419
2017-08-11 20:00:35,141.419,141.419
2017-08-11 20:00:36,141.419,141.419
2017-08-11 20:00:36,141.419,141.419
2017-08-11 20:00:37,141.419,141.419
2017-08-11 20:00:37,141.419,141.419
2017-08-11 20:00:38,141.419,141.419
2017-08-11 20:00:38,141.419,141.419
2017-08-11 20:00:39,141.42,141.42
2017-08-11 20:00:39,141.42,141.42
2017-08-11 20:00:41,141.42,141.42
2017-08-11 20:00:41,141.42,141.42
2017-08-11 20:00:42,141.419,141.419
2017-08-11 20:00:42,141.415,141.415
2017-08-11 20:00:43,141.409,141.409
2017-08-11 20:00:43,141.409,141.409
2017-08-11 20:00:44,141.41,141.41
2017-08-11 20:00:44,141.41,141.41
2017-08-11 20:00:45,141.41,141.41
2017-08-11 20:00:45,141.41,141.41
2017-08-11 20:00:46,141.41,141.41
2017-08-11 20:00:46,141.41,141.41
2017-08-11 20:00:48,141.409,141.409
2017-08-11 20:00:48,141.409,141.409
2017-08-11 20:00:49,141.409,141.409
2017-08-11 20:00:49,141.409,141.409
2017-08-11 20:00:50,141.41,141.41
2017-08-11 20:00:50,141.41,141.41
2017-08-11 20:00:51,141.41,141.41
2017-08-11 20:00:51,141.41,141.41
2017-08-11 20:00:52,141.41,141.41
2017-08-11 20:00:52,141.41,141.41
2017-08-11 20:00:53,141.41,141.41
2017-08-11 20:00:54,141.41,141.41
2017-08-11 20:00:55,141.41,141.41
2017-08-11 20:00:55,141.41,141.41
2017-08-11 20:00:56,141.409,141.409
2017-08-11 20:00:56,141.409,141.409
2017-08-11 20:00:57,141.41,141.41
2017-08-11 20:00:57,141.41,141.41
2017-08-11 20:00:58,141.41,141.41
2017-08-11 20:00:58,141.41,141.41
2017-08-11 20:00:59,141.408,141.408
2017-08-11 20:00:59,141.408,141.408
2017-08-11 20:01:01,141.408,141.408
2017-08-11 20:01:01,141.407,141.407
2017-08-11 20:01:02,141.407,141.407
2017-08-11 20:01:02,141.407,141.407
2017-08-11 20:01:03,141.405,141.405
2017-08-11 20:01:03,141.405,141.405
2017-08-11 20:01:04,141.409,141.409
2017-08-11 20:01:04,141.409,141.409
2017-08-11 20:01:05,141.409,141.409
2017-08-11 20:01:05,141.409,141.409
2017-08-11 20:01:06,141.409,141.409
2017-08-11 20:01:07,141.409,141.409
2017-08-11 20:01:08,141.409,141.409
2017-08-11 20:01:08,141.409,141.409
2017-08-11 20:01:09,141.402,141.402
2017-08-11 20:01:09,141.401,141.401
2017-08-11 20:01:10,141.403,141.403
2017-08-11 20:01:10,141.404,141.404
2017-08-11 20:01:11,141.404,141.404
2017-08-11 20:01:11,141.404,141.404
2017-08-11 20:01:12,141.402,141.402
2017-08-11 20:01:12,141.401,141.401
2017-08-11 20:01:13,141.401,141.401
2017-08-11 20:01:14,141.401,141.401
2017-08-11 20:01:15,141.401,141.401
2017-08-11 20:01:15,141.401,141.401
2017-08-11 20:01:16,141.401,141.401
2017-08-11 20:01:16,141.401,141.401
2017-08-11 20:01:17,141.401,141.401
2017-08-11 20:01:17,141.401,141.401
2017-08-11 20:01:18,141.405,141.405
2017-08-11 20:01:18,141.404,141.404
2017-08-11 20:01:19,141.404,141.404
2017-08-11 20:01:19,141.404,141.404
2017-08-11 20:01:20,141.404,141.404
2017-08-11 20:01:21,141.404,141.404
2017-08-11 20:01:22,141.402,141.402
2017-08-11 20:01:22,141.402,141.402
2017-08-11 20:01:23,141.402,141.402
2017-08-11 20:01:23,141.402,141.402
2017-08-11 20:01:24,141.402,141.402
2017-08-11 20:01:24,141.402,141.402
2017-08-11 20:01:25,141.402,141.402
2017-08-11 20:01:25,141.402,141.402
2017-08-11 20:01:26,141.402,141.402
2017-08-11 20:01:27,141.402,141.402
2017-08-11 20:01:27,141.402,141.402
2017-08-11 20:01:28,141.402,141.402
2017-08-11 20:01:29,141.402,141.402
2017-08-11 20:01:29,141.402,141.402
2017-08-11 20:01:30,141.402,141.402
2017-08-11 20:01:30,141.402,141.402
2017-08-11 20:01:31,141.402,141.402
2017-08-11 20:01:31,141.402,141.402
2017-08-11 20:01:32,141.402,141.402
2017-08-11 20:01:32,141.402,141.402
2017-08-11 20:01:33,141.389,141.389
2017-08-11 20:01:34,141.387,141.387
2017-08-11 20:01:35,141.379,141.379
2017-08-11 20:01:35,141.378,141.378
2017-08-11 20:01:36,141.377,141.377
2017-08-11 20:01:36,141.377,141.377
2017-08-11 20:01:37,141.377,141.377
2017-08-11 20:01:37,141.377,141.377
2017-08-11 20:01:38,141.377,141.377
2017-08-11 20:01:38,141.378,141.378
2017-08-11 20:01:39,141.378,141.378
2017-08-11 20:01:40,141.377,141.377
2017-08-11 20:01:40,141.378,141.378
2017-08-11 20:01:41,141.378,141.378
2017-08-11 20:01:42,141.378,141.378
2017-08-11 20:01:42,141.378,141.378
2017-08-11 20:01:43,141.378,141.378
2017-08-11 20:01:43,141.378,141.378
2017-08-11 20:01:44,141.378,141.378
2017-08-11 20:01:44,141.378,141.378
2017-08-11 20:01:45,141.378,141.378
2017-08-11 20:01:45,141.378,141.378
2017-08-11 20:01:46,141.383,141.383
2017-08-11 20:01:47,141.385,141.385
2017-08-11 20:01:47,141.385,141.385
2017-08-11 20:01:48,141.385,141.385
2017-08-11 20:01:49,141.385,141.385
2017-08-11 20:01:49,141.393,141.393
2017-08-11 20:01:50,141.395,141.395
2017-08-11 20:01:50,141.397,141.397
2017-08-11 20:01:51,141.397,141.397
2017-08-11 20:01:51,141.397,141.397
2017-08-11 20:01:52,141.398,141.398
2017-08-11 20:01:53,141.398,141.398
2017-08-11 20:01:53,141.398,141.398
2017-08-11 20:01:54,141.398,141.398
2017-08-11 20:01:54,141.397,141.397
2017-08-11 20:01:55,141.397,141.397
2017-08-11 20:01:56,141.397,141.397
2017-08-11 20:01:56,141.397,141.397
2017-08-11 20:01:57,141.397,141.397
2017-08-11 20:01:57,141.397,141.397
2017-08-11 20:01:58,141.397,141.397
2017-08-11 20:01:58,141.397,141.397
2017-08-11 20:01:59,141.397,141.397
2017-08-11 20:02:00,141.404,141.404
2017-08-11 20:02:00,141.403,141.403
2017-08-11 20:02:01,141.402,141.402
2017-08-11 20:02:01,141.402,141.402
2017-08-11 20:02:02,141.401,141.401
2017-08-11 20:02:03,141.401,141.401
2017-08-11 20:02:03,141.401,141.401
2017-08-11 20:02:04,141.395,141.395
2017-08-11 20:02:04,141.397,141.397
2017-08-11 20:02:05,141.397,141.397
2017-08-11 20:02:06,141.398,141.398
2017-08-11 20:02:06,141.398,141.398
2017-08-11 20:02:07,141.398,141.398
2017-08-11 20:02:07,141.402,141.402
2017-08-11 20:02:08,141.401,141.401
2017-08-11 20:02:08,141.402,141.402
2017-08-11 20:02:09,141.399,141.399
2017-08-11 20:02:10,141.398,141.398
2017-08-11 20:02:10,141.399,141.399
2017-08-11 20:02:11,141.399,141.399
2017-08-11 20:02:11,141.399,141.399
2017-08-11 20:02:12,141.399,141.399
2017-08-11 20:02:13,141.399,141.399
2017-08-11 20:02:13,141.399,141.399
2017-08-11 20:02:14,141.399,141.399
2017-08-11 20:02:14,141.399,141.399
2017-08-11 20:02:15,141.399,141.399
2017-08-11 20:02:16,141.399,141.399
2017-08-11 20:02:16,141.399,141.399
2017-08-11 20:02:17,141.399,141.399
2017-08-11 20:02:17,141.397,141.397
2017-08-11 20:02:18,141.397,141.397
2017-08-11 20:02:19,141.397,141.397
2017-08-11 20:02:19,141.399,141.399
2017-08-11 20:02:20,141.397,141.397
2017-08-11 20:02:20,141.397,141.397
2017-08-11 20:02:21,141.398,141.398
2017-08-11 20:02:21,141.4,141.4
2017-08-11 20:02:22,141.398,141.398
2017-08-11 20:02:23,141.398,141.398
2017-08-11 20:02:23,141.397,141.397
2017-08-11 20:02:24,141.397,141.397
2017-08-11 20:02:24,141.397,141.397
2017-08-11 20:02:25,141.397,141.397
2017-08-11 20:02:26,141.397,141.397
2017-08-11 20:02:26,141.398,141.398
2017-08-11 20:02:27,141.398,141.398
2017-08-11 20:02:27,141.398,141.398
2017-08-11 20:02:28,141.398,141.398
2017-08-11 20:02:28,141.398,141.398
2017-08-11 20:02:29,141.397,141.397
2017-08-11 20:02:30,141.397,141.397
2017-08-11 20:02:30,141.397,141.397
2017-08-11 20:02:31,141.397,141.397
2017-08-11 20:02:32,141.402,141.402
2017-08-11 20:02:32,141.411,141.411
2017-08-11 20:02:33,141.415,141.415
2017-08-11 20:02:33,141.415,141.415
2017-08-11 20:02:34,141.421,141.421
2017-08-11 20:02:34,141.423,141.423
2017-08-11 20:02:35,141.425,141.425
2017-08-11 20:02:35,141.425,141.425
2017-08-11 20:02:36,141.425,141.425
2017-08-11 20:02:37,141.426,141.426
2017-08-11 20:02:37,141.426,141.426
2017-08-11 20:02:38,141.425,141.425
2017-08-11 20:02:39,141.425,141.425
2017-08-11 20:02:39,141.425,141.425
2017-08-11 20:02:40,141.426,141.426
2017-08-11 20:02:40,141.426,141.426
2017-08-11 20:02:41,141.426,141.426
2017-08-11 20:02:41,141.426,141.426
2017-08-11 20:02:42,141.418,141.418
2017-08-11 20:02:42,141.418,141.418
2017-08-11 20:02:43,141.428,141.428
2017-08-11 20:02:44,141.428,141.428
2017-08-11 20:02:45,141.428,141.428
2017-08-11 20:02:45,141.428,141.428
2017-08-11 20:02:46,141.428,141.428
2017-08-11 20:02:46,141.428,141.428
2017-08-11 20:02:47,141.428,141.428
2017-08-11 20:02:47,141.428,141.428
2017-08-11 20:02:48,141.428,141.428
2017-08-11 20:02:48,141.428,141.428
2017-08-11 20:02:49,141.428,141.428
2017-08-11 20:02:49,141.428,141.428
2017-08-11 20:02:50,141.435,141.435
2017-08-11 20:02:51,141.435,141.435
2017-08-11 20:02:52,141.435,141.435
2017-08-11 20:02:52,141.435,141.435
2017-08-11 20:02:53,141.436,141.436
2017-08-11 20:02:53,141.436,141.436
2017-08-11 20:02:54,141.438,141.438
2017-08-11 20:02:54,141.438,141.438
2017-08-11 20:02:55,141.438,141.438
2017-08-11 20:02:55,141.438,141.438
2017-08-11 20:02:56,141.438,141.438
2017-08-11 20:02:57,141.438,141.438
2017-08-11 20:02:58,141.439,141.439
2017-08-11 20:02:58,141.439,141.439
2017-08-11 20:02:59,141.439,141.439
2017-08-11 20:02:59,141.44,141.44
2017-08-11 20:03:00,141.439,141.439
2017-08-11 20:03:00,141.44,141.44
2017-08-11 20:03:01,141.438,141.438
2017-08-11 20:03:01,141.438,141.438
2017-08-11 20:03:02,141.444,141.444
2017-08-11 20:03:02,141.444,141.444
2017-08-11 20:03:03,141.445,141.445
2017-08-11 20:03:04,141.447,141.447
2017-08-11 20:03:05,141.446,141.446
2017-08-11 20:03:05,141.447,141.447
2017-08-11 20:03:06,141.44,141.44
2017-08-11 20:03:06,141.44,141.44
2017-08-11 20:03:07,141.441,141.441
2017-08-11 20:03:07,141.441,141.441
2017-08-11 20:03:08,141.44,141.44
2017-08-11 20:03:08,141.44,141.44
2017-08-11 20:03:09,141.44,141.44
2017-08-11 20:03:09,141.44,141.44
2017-08-11 20:03:11,141.44,141.44
2017-08-11 20:03:11,141.44,141.44
2017-08-11 20:03:12,141.443,141.443
2017-08-11 20:03:12,141.443,141.443
2017-08-11 20:03:13,141.444,141.444
2017-08-11 20:03:13,141.444,141.444
2017-08-11 20:03:14,141.443,141.443
2017-08-11 20:03:14,141.443,141.443
2017-08-11 20:03:15,141.443,141.443
2017-08-11 20:03:15,141.443,141.443
2017-08-11 20:03:16,141.442,141.442
2017-08-11 20:03:16,141.442,141.442
2017-08-11 20:03:18,141.442,141.442
2017-08-11 20:03:18,141.442,141.442
2017-08-11 20:03:19,141.442,141.442
2017-08-11 20:03:19,141.442,141.442
2017-08-11 20:03:20,141.442,141.442
2017-08-11 20:03:20,141.442,141.442
2017-08-11 20:03:21,141.443,141.443
2017-08-11 20:03:21,141.443,141.443
2017-08-11 20:03:22,141.443,141.443
2017-08-11 20:03:22,141.443,141.443
2017-08-11 20:03:23,141.443,141.443
2017-08-11 20:03:24,141.443,141.443
2017-08-11 20:03:25,141.443,141.443
2017-08-11 20:03:25,141.444,141.444
2017-08-11 20:03:26,141.444,141.444
2017-08-11 20:03:26,141.444,141.444
2017-08-11 20:03:27,141.444,141.444
2017-08-11 20:03:27,141.444,141.444
2017-08-11 20:03:28,141.445,141.445
2017-08-11 20:03:28,141.445,141.445
2017-08-11 20:03:29,141.445,141.445
2017-08-11 20:03:29,141.445,141.445
2017-08-11 20:03:30,141.443,141.443
2017-08-11 20:03:31,141.443,141.443
2017-08-11 20:03:32,141.443,141.443
2017-08-11 20:03:32,141.443,141.443
2017-08-11 20:03:33,141.443,141.443
2017-08-11 20:03:33,141.443,141.443
2017-08-11 20:03:34,141.443,141.443
2017-08-11 20:03:34,141.443,141.443
2017-08-11 20:03:35,141.445,141.445
2017-08-11 20:03:35,141.445,141.445
2017-08-11 20:03:36,141.445,141.445
2017-08-11 20:03:37,141.445,141.445
2017-08-11 20:03:38,141.445,141.445
2017-08-11 20:03:38,141.445,141.445
2017-08-11 20:03:39,141.445,141.445
2017-08-11 20:03:39,141.445,141.445
2017-08-11 20:03:40,141.445,141.445
2017-08-11 20:03:40,141.445,141.445
2017-08-11 20:03:41,141.445,141.445
2017-08-11 20:03:41,141.443,141.443
2017-08-11 20:03:42,141.443,141.443
2017-08-11 20:03:42,141.443,141.443
2017-08-11 20:03:43,141.448,141.448
2017-08-11 20:03:44,141.448,141.448
2017-08-11 20:03:45,141.448,141.448
2017-08-11 20:03:45,141.444,141.444
2017-08-11 20:03:46,141.445,141.445
2017-08-11 20:03:46,141.445,141.445
2017-08-11 20:03:47,141.445,141.445
2017-08-11 20:03:47,141.445,141.445
2017-08-11 20:03:48,141.445,141.445
2017-08-11 20:03:48,141.445,141.445
2017-08-11 20:03:49,141.454,141.454
2017-08-11 20:03:50,141.454,141.454
2017-08-11 20:03:50,141.446,141.446
2017-08-11 20:03:51,141.446,141.446
2017-08-11 20:03:52,141.446,141.446
2017-08-11 20:03:52,141.447,141.447
2017-08-11 20:03:53,141.447,141.447
2017-08-11 20:03:53,141.447,141.447
2017-08-11 20:03:54,141.446,141.446
2017-08-11 20:03:54,141.442,141.442
2017-08-11 20:03:55,141.442,141.442
2017-08-11 20:03:55,141.442,141.442
2017-08-11 20:03:56,141.442,141.442
2017-08-11 20:03:57,141.442,141.442
2017-08-11 20:03:57,141.442,141.442
2017-08-11 20:03:58,141.442,141.442
2017-08-11 20:03:59,141.442,141.442
2017-08-11 20:03:59,141.442,141.442
2017-08-11 20:04:00,141.442,141.442
2017-08-11 20:04:00,141.442,141.442
2017-08-11 20:04:01,141.447,141.447
2017-08-11 20:04:01,141.447,141.447
2017-08-11 20:04:02,141.447,141.447
2017-08-11 20:04:03,141.447,141.447
2017-08-11 20:04:03,141.45,141.45
2017-08-11 20:04:04,141.452,141.452
2017-08-11 20:04:04,141.452,141.452
2017-08-11 20:04:05,141.452,141.452
2017-08-11 20:04:06,141.445,141.445
2017-08-11 20:04:06,141.447,141.447
2017-08-11 20:04:07,141.448,141.448
2017-08-11 20:04:07,141.448,141.448
2017-08-11 20:04:08,141.448,141.448
2017-08-11 20:04:08,141.449,141.449
2017-08-11 20:04:09,141.449,141.449
2017-08-11 20:04:10,141.448,141.448
2017-08-11 20:04:10,141.448,141.448
2017-08-11 20:04:11,141.448,141.448
2017-08-11 20:04:12,141.448,141.448
2017-08-11 20:04:12,141.448,141.448
2017-08-11 20:04:13,141.448,141.448
2017-08-11 20:04:13,141.448,141.448
2017-08-11 20:04:14,141.448,141.448
2017-08-11 20:04:14,141.456,141.456
2017-08-11 20:04:15,141.46,141.46
2017-08-11 20:04:16,141.461,141.461
2017-08-11 20:04:16,141.461,141.461
2017-08-11 20:04:17,141.461,141.461
2017-08-11 20:04:17,141.464,141.464
2017-08-11 20:04:18,141.468,141.468
2017-08-11 20:04:19,141.468,141.468
2017-08-11 20:04:19,141.469,141.469
2017-08-11 20:04:20,141.469,141.469
2017-08-11 20:04:20,141.469,141.469
2017-08-11 20:04:21,141.469,141.469
2017-08-11 20:04:21,141.469,141.469
2017-08-11 20:04:22,141.469,141.469
2017-08-11 20:04:23,141.469,141.469
2017-08-11 20:04:23,141.469,141.469
2017-08-11 20:04:24,141.469,141.469
2017-08-11 20:04:24,141.469,141.469
2017-08-11 20:04:25,141.469,141.469
2017-08-11 20:04:26,141.469,141.469
2017-08-11 20:04:26,141.469,141.469
2017-08-11 20:04:27,141.474,141.474
2017-08-11 20:04:27,141.476,141.476
2017-08-11 20:04:28,141.477,141.477
2017-08-11 20:04:29,141.481,141.481
2017-08-11 20:04:29,141.481,141.481
2017-08-11 20:04:30,141.481,141.481
2017-08-11 20:04:30,141.481,141.481
2017-08-11 20:04:31,141.481,141.481
2017-08-11 20:04:31,141.481,141.481
2017-08-11 20:04:32,141.486,141.486
2017-08-11 20:04:33,141.485,141.485
2017-08-11 20:04:33,141.485,141.485
2017-08-11 20:04:34,141.485,141.485
2017-08-11 20:04:34,141.486,141.486
2017-08-11 20:04:35,141.481,141.481
2017-08-11 20:04:36,141.481,141.481
2017-08-11 20:04:36,141.481,141.481
2017-08-11 20:04:37,141.481,141.481
2017-08-11 20:04:37,141.481,141.481
2017-08-11 20:04:38,141.487,141.487
2017-08-11 20:04:38,141.487,141.487
2017-08-11 20:04:39,141.487,141.487
2017-08-11 20:04:40,141.487,141.487
2017-08-11 20:04:40,141.487,141.487
2017-08-11 20:04:41,141.487,141.487
2017-08-11 20:04:42,141.487,141.487
2017-08-11 20:04:42,141.487,141.487
2017-08-11 20:04:43,141.487,141.487
2017-08-11 20:04:43,141.488,141.488
2017-08-11 20:04:44,141.488,141.488
2017-08-11 20:04:44,141.487,141.487
2017-08-11 20:04:45,141.487,141.487
2017-08-11 20:04:45,141.487,141.487
2017-08-11 20:04:46,141.487,141.487
2017-08-11 20:04:47,141.487,141.487
2017-08-11 20:04:47,141.487,141.487
2017-08-11 20:04:48,141.487,141.487
2017-08-11 20:04:49,141.487,141.487
2017-08-11 20:04:49,141.487,141.487
2017-08-11 20:04:50,141.487,141.487
2017-08-11 20:04:50,141.487,141.487
2017-08-11 20:04:51,141.487,141.487
2017-08-11 20:04:51,141.487,141.487
2017-08-11 20:04:52,141.49,141.49
2017-08-11 20:04:53,141.49,141.49
2017-08-11 20:04:53,141.49,141.49
2017-08-11 20:04:54,141.49,141.49
2017-08-11 20:04:55,141.492,141.492
2017-08-11 20:04:55,141.492,141.492
2017-08-11 20:04:56,141.492,141.492
2017-08-11 20:04:56,141.492,141.492
2017-08-11 20:04:57,141.491,141.491
2017-08-11 20:04:57,141.491,141.491
2017-08-11 20:04:58,141.491,141.491
2017-08-11 20:04:58,141.491,141.491
2017-08-11 20:04:59,141.491,141.491
2017-08-11 20:05:00,141.491,141.491
2017-08-11 20:05:00,141.491,141.491
2017-08-11 20:05:01,141.491,141.491
2017-08-11 20:05:02,141.491,141.491
2017-08-11 20:05:02,141.491,141.491
2017-08-11 20:05:03,141.491,141.491
2017-08-11 20:05:03,141.491,141.491
2017-08-11 20:05:04,141.488,141.488
2017-08-11 20:05:04,141.464,141.464
2017-08-11 20:05:05,141.471,141.471
2017-08-11 20:05:05,141.474,141.474
2017-08-11 20:05:06,141.474,141.474
2017-08-11 20:05:07,141.475,141.475
2017-08-11 20:05:08,141.469,141.469
2017-08-11 20:05:08,141.469,141.469
2017-08-11 20:05:09,141.467,141.467
2017-08-11 20:05:09,141.467,141.467
2017-08-11 20:05:10,141.462,141.462
2017-08-11 20:05:10,141.463,141.463
2017-08-11 20:05:11,141.465,141.465
2017-08-11 20:05:11,141.465,141.465
2017-08-11 20:05:12,141.464,141.464
2017-08-11 20:05:12,141.465,141.465
2017-08-11 20:05:13,141.451,141.451
2017-08-11 20:05:14,141.451,141.451
2017-08-11 20:05:15,141.451,141.451
2017-08-11 20:05:15,141.451,141.451
2017-08-11 20:05:16,141.451,141.451
2017-08-11 20:05:16,141.451,141.451
2017-08-11 20:05:17,141.457,141.457
2017-08-11 20:05:17,141.457,141.457
2017-08-11 20:05:18,141.454,141.454
2017-08-11 20:05:18,141.454,141.454
2017-08-11 20:05:19,141.454,141.454
2017-08-11 20:05:19,141.454,141.454
2017-08-11 20:05:21,141.453,141.453
2017-08-11 20:05:21,141.453,141.453
2017-08-11 20:05:22,141.452,141.452
2017-08-11 20:05:22,141.452,141.452
2017-08-11 20:05:23,141.453,141.453
2017-08-11 20:05:23,141.453,141.453
2017-08-11 20:05:24,141.451,141.451
2017-08-11 20:05:24,141.448,141.448
2017-08-11 20:05:25,141.449,141.449
2017-08-11 20:05:25,141.449,141.449
2017-08-11 20:05:26,141.449,141.449
2017-08-11 20:05:26,141.449,141.449
2017-08-11 20:05:28,141.45,141.45
2017-08-11 20:05:28,141.45,141.45
2017-08-11 20:05:29,141.453,141.453
2017-08-11 20:05:29,141.453,141.453
2017-08-11 20:05:30,141.453,141.453
2017-08-11 20:05:30,141.455,141.455
2017-08-11 20:05:31,141.461,141.461
2017-08-11 20:05:31,141.461,141.461
2017-08-11 20:05:32,141.462,141.462
2017-08-11 20:05:32,141.462,141.462
2017-08-11 20:05:34,141.462,141.462
2017-08-11 20:05:34,141.462,141.462
2017-08-11 20:05:35,141.462,141.462
2017-08-11 20:05:35,141.462,141.462
2017-08-11 20:05:36,141.462,141.462
2017-08-11 20:05:36,141.462,141.462
2017-08-11 20:05:37,141.462,141.462
2017-08-11 20:05:37,141.462,141.462
2017-08-11 20:05:38,141.461,141.461
2017-08-11 20:05:38,141.461,141.461
2017-08-11 20:05:39,141.462,141.462
2017-08-11 20:05:39,141.462,141.462
2017-08-11 20:05:41,141.465,141.465
2017-08-11 20:05:41,141.465,141.465
2017-08-11 20:05:42,141.464,141.464
2017-08-11 20:05:42,141.464,141.464
2017-08-11 20:05:43,141.469,141.469
2017-08-11 20:05:43,141.469,141.469
2017-08-11 20:05:44,141.469,141.469
2017-08-11 20:05:44,141.469,141.469
2017-08-11 20:05:45,141.469,141.469
2017-08-11 20:05:45,141.471,141.471
2017-08-11 20:05:46,141.472,141.472
2017-08-11 20:05:47,141.472,141.472
2017-08-11 20:05:48,141.469,141.469
2017-08-11 20:05:48,141.468,141.468
2017-08-11 20:05:49,141.467,141.467
2017-08-11 20:05:49,141.467,141.467
2017-08-11 20:05:50,141.467,141.467
2017-08-11 20:05:50,141.467,141.467
2017-08-11 20:05:51,141.467,141.467
2017-08-11 20:05:51,141.467,141.467
2017-08-11 20:05:52,141.467,141.467
2017-08-11 20:05:52,141.467,141.467
2017-08-11 20:05:53,141.467,141.467
2017-08-11 20:05:54,141.467,141.467
2017-08-11 20:05:55,141.471,141.471
2017-08-11 20:05:55,141.471,141.471
2017-08-11 20:05:56,141.471,141.471
2017-08-11 20:05:56,141.471,141.471
2017-08-11 20:05:57,141.472,141.472
2017-08-11 20:05:57,141.472,141.472
2017-08-11 20:05:58,141.472,141.472
2017-08-11 20:05:58,141.472,141.472
2017-08-11 20:05:59,141.471,141.471
2017-08-11 20:05:59,141.471,141.471
2017-08-11 20:06:00,141.471,141.471
2017-08-11 20:06:01,141.472,141.472
2017-08-11 20:06:02,141.472,141.472
2017-08-11 20:06:02,141.472,141.472
2017-08-11 20:06:03,141.48,141.48
2017-08-11 20:06:03,141.48,141.48
2017-08-11 20:06:04,141.48,141.48
2017-08-11 20:06:04,141.481,141.481
2017-08-11 20:06:05,141.481,141.481
2017-08-11 20:06:05,141.481,141.481
2017-08-11 20:06:06,141.481,141.481
2017-08-11 20:06:07,141.481,141.481
2017-08-11 20:06:08,141.479,141.479
2017-08-11 20:06:08,141.479,141.479
2017-08-11 20:06:09,141.48,141.48
2017-08-11 20:06:09,141.48,141.48
2017-08-11 20:06:10,141.478,141.478
2017-08-11 20:06:10,141.478,141.478
2017-08-11 20:06:11,141.479,141.479
2017-08-11 20:06:11,141.479,141.479
2017-08-11 20:06:12,141.478,141.478
2017-08-11 20:06:12,141.478,141.478
2017-08-11 20:06:13,141.478,141.478
2017-08-11 20:06:14,141.478,141.478
2017-08-11 20:06:15,141.476,141.476
2017-08-11 20:06:15,141.481,141.481
2017-08-11 20:06:16,141.48,141.48
2017-08-11 20:06:16,141.48,141.48
2017-08-11 20:06:17,141.48,141.48
2017-08-11 20:06:17,141.48,141.48
2017-08-11 20:06:18,141.479,141.479
2017-08-11 20:06:18,141.479,141.479
2017-08-11 20:06:19,141.475,141.475
2017-08-11 20:06:20,141.474,141.474
2017-08-11 20:06:20,141.474,141.474
2017-08-11 20:06:21,141.476,141.476
2017-08-11 20:06:22,141.477,141.477
2017-08-11 20:06:22,141.477,141.477
2017-08-11 20:06:23,141.477,141.477
2017-08-11 20:06:23,141.477,141.477
2017-08-11 20:06:24,141.476,141.476
2017-08-11 20:06:24,141.476,141.476
2017-08-11 20:06:25,141.476,141.476
2017-08-11 20:06:25,141.476,141.476
2017-08-11 20:06:26,141.476,141.476
2017-08-11 20:06:27,141.476,141.476
2017-08-11 20:06:27,141.479,141.479
2017-08-11 20:06:28,141.479,141.479
2017-08-11 20:06:29,141.477,141.477
2017-08-11 20:06:29,141.479,141.479
2017-08-11 20:06:30,141.462,141.462
2017-08-11 20:06:30,141.463,141.463
2017-08-11 20:06:31,141.465,141.465
2017-08-11 20:06:31,141.464,141.464
2017-08-11 20:06:32,141.465,141.465
2017-08-11 20:06:33,141.465,141.465
2017-08-11 20:06:33,141.468,141.468
2017-08-11 20:06:34,141.468,141.468
2017-08-11 20:06:34,141.468,141.468
2017-08-11 20:06:35,141.468,141.468
2017-08-11 20:06:36,141.466,141.466
2017-08-11 20:06:36,141.466,141.466
2017-08-11 20:06:37,141.465,141.465
2017-08-11 20:06:37,141.465,141.465
2017-08-11 20:06:38,141.465,141.465
2017-08-11 20:06:38,141.465,141.465
2017-08-11 20:06:39,141.465,141.465
2017-08-11 20:06:40,141.465,141.465
2017-08-11 20:06:40,141.465,141.465
2017-08-11 20:06:41,141.465,141.465
2017-08-11 20:06:41,141.463,141.463
2017-08-11 20:06:42,141.463,141.463
2017-08-11 20:06:43,141.463,141.463
2017-08-11 20:06:43,141.463,141.463
2017-08-11 20:06:44,141.463,141.463
2017-08-11 20:06:44,141.463,141.463
2017-08-11 20:06:45,141.462,141.462
2017-08-11 20:06:46,141.462,141.462
2017-08-11 20:06:46,141.462,141.462
2017-08-11 20:06:47,141.462,141.462
2017-08-11 20:06:47,141.462,141.462
2017-08-11 20:06:48,141.462,141.462
2017-08-11 20:06:49,141.462,141.462
2017-08-11 20:06:49,141.462,141.462
2017-08-11 20:06:50,141.462,141.462
2017-08-11 20:06:50,141.462,141.462
2017-08-11 20:06:51,141.461,141.461
2017-08-11 20:06:51,141.461,141.461
2017-08-11 20:06:52,141.461,141.461
2017-08-11 20:06:53,141.462,141.462
2017-08-11 20:06:53,141.461,141.461
2017-08-11 20:06:54,141.461,141.461
2017-08-11 20:06:54,141.461,141.461
2017-08-11 20:06:55,141.461,141.461
2017-08-11 20:06:56,141.461,141.461
2017-08-11 20:06:56,141.461,141.461
2017-08-11 20:06:57,141.461,141.461
2017-08-11 20:06:57,141.46,141.46
2017-08-11 20:06:58,141.46,141.46
2017-08-11 20:06:59,141.46,141.46
2017-08-11 20:06:59,141.46,141.46
2017-08-11 20:07:00,141.461,141.461
2017-08-11 20:07:00,141.461,141.461
2017-08-11 20:07:01,141.46,141.46
2017-08-11 20:07:01,141.461,141.461
2017-08-11 20:07:02,141.461,141.461
2017-08-11 20:07:03,141.461,141.461
2017-08-11 20:07:03,141.461,141.461
2017-08-11 20:07:04,141.461,141.461
2017-08-11 20:07:04,141.461,141.461
2017-08-11 20:07:05,141.461,141.461
2017-08-11 20:07:06,141.461,141.461
2017-08-11 20:07:06,141.461,141.461
2017-08-11 20:07:07,141.461,141.461
2017-08-11 20:07:07,141.461,141.461
2017-08-11 20:07:08,141.46,141.46
2017-08-11 20:07:08,141.46,141.46
2017-08-11 20:07:09,141.461,141.461
2017-08-11 20:07:10,141.461,141.461
2017-08-11 20:07:10,141.461,141.461
2017-08-11 20:07:11,141.461,141.461
2017-08-11 20:07:12,141.461,141.461
2017-08-11 20:07:12,141.461,141.461
2017-08-11 20:07:13,141.461,141.461
2017-08-11 20:07:13,141.461,141.461
2017-08-11 20:07:14,141.461,141.461
2017-08-11 20:07:14,141.461,141.461
2017-08-11 20:07:15,141.461,141.461
2017-08-11 20:07:15,141.461,141.461
2017-08-11 20:07:16,141.461,141.461
2017-08-11 20:07:17,141.461,141.461
2017-08-11 20:07:17,141.461,141.461
2017-08-11 20:07:18,141.461,141.461
2017-08-11 20:07:19,141.462,141.462
2017-08-11 20:07:19,141.462,141.462
2017-08-11 20:07:20,141.468,141.468
2017-08-11 20:07:20,141.466,141.466
2017-08-11 20:07:21,141.466,141.466
2017-08-11 20:07:21,141.466,141.466
2017-08-11 20:07:22,141.466,141.466
2017-08-11 20:07:23,141.466,141.466
2017-08-11 20:07:23,141.466,141.466
2017-08-11 20:07:24,141.466,141.466
2017-08-11 20:07:25,141.467,141.467
2017-08-11 20:07:25,141.467,141.467
2017-08-11 20:07:26,141.467,141.467
2017-08-11 20:07:26,141.467,141.467
2017-08-11 20:07:27,141.467,141.467
2017-08-11 20:07:27,141.467,141.467
2017-08-11 20:07:28,141.467,141.467
2017-08-11 20:07:28,141.467,141.467
2017-08-11 20:07:29,141.467,141.467
2017-08-11 20:07:30,141.467,141.467
2017-08-11 20:07:30,141.467,141.467
2017-08-11 20:07:31,141.467,141.467
2017-08-11 20:07:32,141.466,141.466
2017-08-11 20:07:32,141.466,141.466
2017-08-11 20:07:33,141.467,141.467
2017-08-11 20:07:33,141.468,141.468
2017-08-11 20:07:34,141.468,141.468
2017-08-11 20:07:34,141.467,141.467
2017-08-11 20:07:35,141.468,141.468
2017-08-11 20:07:35,141.468,141.468
2017-08-11 20:07:36,141.468,141.468
2017-08-11 20:07:37,141.468,141.468
2017-08-11 20:07:38,141.468,141.468
2017-08-11 20:07:38,141.469,141.469
2017-08-11 20:07:39,141.469,141.469
2017-08-11 20:07:39,141.469,141.469
2017-08-11 20:07:40,141.461,141.461
2017-08-11 20:07:40,141.46,141.46
2017-08-11 20:07:41,141.456,141.456
2017-08-11 20:07:41,141.456,141.456
2017-08-11 20:07:42,141.456,141.456
2017-08-11 20:07:42,141.456,141.456
2017-08-11 20:07:43,141.466,141.466
2017-08-11 20:07:44,141.462,141.462
2017-08-11 20:07:45,141.456,141.456
2017-08-11 20:07:45,141.456,141.456
2017-08-11 20:07:46,141.472,141.472
2017-08-11 20:07:46,141.471,141.471
2017-08-11 20:07:47,141.465,141.465
2017-08-11 20:07:47,141.465,141.465
2017-08-11 20:07:48,141.465,141.465
2017-08-11 20:07:48,141.465,141.465
2017-08-11 20:07:49,141.465,141.465
2017-08-11 20:07:49,141.465,141.465
2017-08-11 20:07:51,141.471,141.471
2017-08-11 20:07:51,141.472,141.472
2017-08-11 20:07:52,141.467,141.467
2017-08-11 20:07:52,141.467,141.467
2017-08-11 20:07:53,141.465,141.465
2017-08-11 20:07:53,141.465,141.465
2017-08-11 20:07:54,141.465,141.465
2017-08-11 20:07:54,141.465,141.465
2017-08-11 20:07:55,141.466,141.466
2017-08-11 20:07:55,141.466,141.466
2017-08-11 20:07:56,141.466,141.466
2017-08-11 20:07:57,141.465,141.465
2017-08-11 20:07:58,141.464,141.464
2017-08-11 20:07:58,141.464,141.464
2017-08-11 20:07:59,141.457,141.457
2017-08-11 20:07:59,141.457,141.457
2017-08-11 20:08:00,141.461,141.461
2017-08-11 20:08:00,141.461,141.461
2017-08-11 20:08:01,141.457,141.457
2017-08-11 20:08:01,141.457,141.457
2017-08-11 20:08:02,141.459,141.459
2017-08-11 20:08:02,141.459,141.459
2017-08-11 20:08:04,141.459,141.459
2017-08-11 20:08:04,141.459,141.459
2017-08-11 20:08:05,141.46,141.46
2017-08-11 20:08:05,141.46,141.46
2017-08-11 20:08:06,141.464,141.464
2017-08-11 20:08:06,141.464,141.464
2017-08-11 20:08:07,141.465,141.465
2017-08-11 20:08:07,141.465,141.465
2017-08-11 20:08:08,141.464,141.464
2017-08-11 20:08:08,141.464,141.464
2017-08-11 20:08:09,141.465,141.465
2017-08-11 20:08:09,141.465,141.465
2017-08-11 20:08:11,141.466,141.466
2017-08-11 20:08:11,141.466,141.466
2017-08-11 20:08:12,141.467,141.467
2017-08-11 20:08:12,141.467,141.467
2017-08-11 20:08:13,141.47,141.47
2017-08-11 20:08:13,141.47,141.47
2017-08-11 20:08:14,141.469,141.469
2017-08-11 20:08:14,141.469,141.469
2017-08-11 20:08:15,141.47,141.47
2017-08-11 20:08:15,141.47,141.47
2017-08-11 20:08:16,141.477,141.477
2017-08-11 20:08:17,141.478,141.478
2017-08-11 20:08:18,141.478,141.478
2017-08-11 20:08:18,141.478,141.478
2017-08-11 20:08:19,141.481,141.481
2017-08-11 20:08:19,141.481,141.481
2017-08-11 20:08:20,141.481,141.481
2017-08-11 20:08:20,141.481,141.481
2017-08-11 20:08:21,141.481,141.481
2017-08-11 20:08:21,141.481,141.481
2017-08-11 20:08:22,141.481,141.481
2017-08-11 20:08:22,141.478,141.478
2017-08-11 20:08:23,141.472,141.472
2017-08-11 20:08:24,141.472,141.472
2017-08-11 20:08:25,141.478,141.478
2017-08-11 20:08:25,141.479,141.479
2017-08-11 20:08:26,141.477,141.477
2017-08-11 20:08:26,141.477,141.477
2017-08-11 20:08:27,141.49,141.49
2017-08-11 20:08:27,141.493,141.493
2017-08-11 20:08:28,141.494,141.494
2017-08-11 20:08:28,141.495,141.495
2017-08-11 20:08:29,141.499,141.499
2017-08-11 20:08:30,141.493,141.493
2017-08-11 20:08:30,141.495,141.495
2017-08-11 20:08:31,141.497,141.497
2017-08-11 20:08:32,141.497,141.497
2017-08-11 20:08:32,141.497,141.497
2017-08-11 20:08:33,141.505,141.505
2017-08-11 20:08:33,141.505,141.505
2017-08-11 20:08:34,141.505,141.505
2017-08-11 20:08:34,141.505,141.505
2017-08-11 20:08:35,141.505,141.505
2017-08-11 20:08:35,141.514,141.514
2017-08-11 20:08:36,141.515,141.515
2017-08-11 20:08:37,141.515,141.515
2017-08-11 20:08:38,141.515,141.515
2017-08-11 20:08:38,141.517,141.517
2017-08-11 20:08:39,141.519,141.519
2017-08-11 20:08:39,141.521,141.521
2017-08-11 20:08:40,141.523,141.523
2017-08-11 20:08:40,141.521,141.521
2017-08-11 20:08:41,141.513,141.513
2017-08-11 20:08:41,141.513,141.513
2017-08-11 20:08:42,141.515,141.515
2017-08-11 20:08:43,141.515,141.515
2017-08-11 20:08:43,141.515,141.515
2017-08-11 20:08:44,141.515,141.515
2017-08-11 20:08:45,141.527,141.527
2017-08-11 20:08:45,141.525,141.525
2017-08-11 20:08:46,141.517,141.517
2017-08-11 20:08:46,141.514,141.514
2017-08-11 20:08:47,141.516,141.516
2017-08-11 20:08:47,141.517,141.517
2017-08-11 20:08:48,141.517,141.517
2017-08-11 20:08:48,141.517,141.517
2017-08-11 20:08:49,141.517,141.517
2017-08-11 20:08:50,141.517,141.517
2017-08-11 20:08:50,141.517,141.517
2017-08-11 20:08:51,141.518,141.518
2017-08-11 20:08:52,141.518,141.518
2017-08-11 20:08:52,141.518,141.518
2017-08-11 20:08:53,141.523,141.523
2017-08-11 20:08:53,141.519,141.519
2017-08-11 20:08:54,141.519,141.519
2017-08-11 20:08:54,141.521,141.521
2017-08-11 20:08:55,141.521,141.521
2017-08-11 20:08:56,141.521,141.521
2017-08-11 20:08:56,141.521,141.521
2017-08-11 20:08:57,141.521,141.521
2017-08-11 20:08:57,141.521,141.521
2017-08-11 20:08:58,141.522,141.522
2017-08-11 20:08:59,141.522,141.522
2017-08-11 20:08:59,141.522,141.522
2017-08-11 20:09:00,141.52,141.52
2017-08-11 20:09:00,141.52,141.52
2017-08-11 20:09:01,141.52,141.52
2017-08-11 20:09:01,141.522,141.522
2017-08-11 20:09:02,141.522,141.522
2017-08-11 20:09:03,141.522,141.522
2017-08-11 20:09:03,141.522,141.522
2017-08-11 20:09:04,141.522,141.522
2017-08-11 20:09:04,141.522,141.522
2017-08-11 20:09:05,141.522,141.522
2017-08-11 20:09:06,141.521,141.521
2017-08-11 20:09:06,141.522,141.522
2017-08-11 20:09:07,141.522,141.522
2017-08-11 20:09:07,141.522,141.522
2017-08-11 20:09:08,141.522,141.522
2017-08-11 20:09:09,141.522,141.522
2017-08-11 20:09:09,141.522,141.522
2017-08-11 20:09:10,141.522,141.522
2017-08-11 20:09:10,141.522,141.522
2017-08-11 20:09:11,141.52,141.52
2017-08-11 20:09:12,141.52,141.52
2017-08-11 20:09:12,141.52,141.52
2017-08-11 20:09:13,141.52,141.52
2017-08-11 20:09:13,141.52,141.52
2017-08-11 20:09:14,141.52,141.52
2017-08-11 20:09:14,141.528,141.528
2017-08-11 20:09:15,141.529,141.529
2017-08-11 20:09:16,141.529,141.529
2017-08-11 20:09:16,141.529,141.529
2017-08-11 20:09:17,141.528,141.528
2017-08-11 20:09:17,141.527,141.527
2017-08-11 20:09:18,141.527,141.527
2017-08-11 20:09:19,141.527,141.527
2017-08-11 20:09:19,141.527,141.527
2017-08-11 20:09:20,141.527,141.527
2017-08-11 20:09:20,141.526,141.526
2017-08-11 20:09:21,141.526,141.526
2017-08-11 20:09:22,141.522,141.522
2017-08-11 20:09:22,141.52,141.52
2017-08-11 20:09:23,141.519,141.519
2017-08-11 20:09:23,141.519,141.519
2017-08-11 20:09:24,141.519,141.519
2017-08-11 20:09:24,141.52,141.52
2017-08-11 20:09:25,141.521,141.521
2017-08-11 20:09:26,141.517,141.517
2017-08-11 20:09:26,141.516,141.516
2017-08-11 20:09:27,141.52,141.52
2017-08-11 20:09:27,141.52,141.52
2017-08-11 20:09:28,141.522,141.522
2017-08-11 20:09:29,141.522,141.522
2017-08-11 20:09:29,141.524,141.524
2017-08-11 20:09:30,141.525,141.525
2017-08-11 20:09:30,141.525,141.525
2017-08-11 20:09:31,141.532,141.532
2017-08-11 20:09:31,141.532,141.532
2017-08-11 20:09:32,141.532,141.532
2017-08-11 20:09:33,141.532,141.532
2017-08-11 20:09:33,141.532,141.532
2017-08-11 20:09:34,141.532,141.532
2017-08-11 20:09:35,141.526,141.526
2017-08-11 20:09:35,141.527,141.527
2017-08-11 20:09:36,141.527,141.527
2017-08-11 20:09:36,141.529,141.529
2017-08-11 20:09:37,141.529,141.529
2017-08-11 20:09:37,141.528,141.528
2017-08-11 20:09:38,141.528,141.528
2017-08-11 20:09:38,141.528,141.528
2017-08-11 20:09:39,141.527,141.527
2017-08-11 20:09:40,141.528,141.528
2017-08-11 20:09:40,141.531,141.531
2017-08-11 20:09:41,141.531,141.531
2017-08-11 20:09:42,141.531,141.531
2017-08-11 20:09:42,141.531,141.531
2017-08-11 20:09:43,141.532,141.532
2017-08-11 20:09:43,141.532,141.532
2017-08-11 20:09:44,141.54,141.54
2017-08-11 20:09:44,141.54,141.54
2017-08-11 20:09:45,141.54,141.54
2017-08-11 20:09:45,141.54,141.54
2017-08-11 20:09:46,141.54,141.54
2017-08-11 20:09:47,141.54,141.54
2017-08-11 20:09:48,141.529,141.529
2017-08-11 20:09:48,141.529,141.529
2017-08-11 20:09:49,141.529,141.529
2017-08-11 20:09:49,141.527,141.527
2017-08-11 20:09:50,141.527,141.527
2017-08-11 20:09:50,141.527,141.527
2017-08-11 20:09:51,141.527,141.527
2017-08-11 20:09:51,141.527,141.527
2017-08-11 20:09:52,141.527,141.527
2017-08-11 20:09:53,141.525,141.525
2017-08-11 20:09:53,141.525,141.525
2017-08-11 20:09:54,141.525,141.525
2017-08-11 20:09:55,141.525,141.525
2017-08-11 20:09:55,141.522,141.522
2017-08-11 20:09:56,141.522,141.522
2017-08-11 20:09:56,141.522,141.522
2017-08-11 20:09:57,141.517,141.517
2017-08-11 20:09:57,141.517,141.517
2017-08-11 20:09:58,141.517,141.517
2017-08-11 20:09:58,141.517,141.517
2017-08-11 20:09:59,141.513,141.513
2017-08-11 20:10:00,141.513,141.513
2017-08-11 20:10:01,141.511,141.511
2017-08-11 20:10:01,141.511,141.511
2017-08-11 20:10:02,141.518,141.518
2017-08-11 20:10:02,141.519,141.519
2017-08-11 20:10:03,141.519,141.519
2017-08-11 20:10:03,141.519,141.519
2017-08-11 20:10:04,141.522,141.522
2017-08-11 20:10:04,141.524,141.524
2017-08-11 20:10:05,141.52,141.52
2017-08-11 20:10:05,141.522,141.522
2017-08-11 20:10:06,141.518,141.518
2017-08-11 20:10:07,141.518,141.518
2017-08-11 20:10:08,141.519,141.519
2017-08-11 20:10:08,141.519,141.519
2017-08-11 20:10:09,141.519,141.519
2017-08-11 20:10:09,141.519,141.519
2017-08-11 20:10:10,141.518,141.518
2017-08-11 20:10:10,141.518,141.518
2017-08-11 20:10:11,141.518,141.518
2017-08-11 20:10:11,141.518,141.518
2017-08-11 20:10:12,141.518,141.518
2017-08-11 20:10:12,141.518,141.518
2017-08-11 20:10:14,141.517,141.517
2017-08-11 20:10:14,141.517,141.517
2017-08-11 20:10:15,141.517,141.517
2017-08-11 20:10:15,141.517,141.517
2017-08-11 20:10:16,141.517,141.517
2017-08-11 20:10:16,141.517,141.517
2017-08-11 20:10:17,141.517,141.517
2017-08-11 20:10:17,141.517,141.517
2017-08-11 20:10:18,141.512,141.512
2017-08-11 20:10:18,141.513,141.513
2017-08-11 20:10:19,141.517,141.517
2017-08-11 20:10:19,141.517,141.517
2017-08-11 20:10:21,141.517,141.517
2017-08-11 20:10:21,141.517,141.517
2017-08-11 20:10:22,141.517,141.517
2017-08-11 20:10:22,141.517,141.517
2017-08-11 20:10:23,141.519,141.519
2017-08-11 20:10:23,141.519,141.519
2017-08-11 20:10:24,141.52,141.52
2017-08-11 20:10:24,141.52,141.52
2017-08-11 20:10:25,141.521,141.521
2017-08-11 20:10:25,141.521,141.521
2017-08-11 20:10:27,141.521,141.521
2017-08-11 20:10:27,141.521,141.521
2017-08-11 20:10:28,141.524,141.524
2017-08-11 20:10:28,141.524,141.524
2017-08-11 20:10:29,141.525,141.525
2017-08-11 20:10:29,141.525,141.525
2017-08-11 20:10:30,141.521,141.521
2017-08-11 20:10:30,141.521,141.521
2017-08-11 20:10:31,141.521,141.521
2017-08-11 20:10:31,141.521,141.521
2017-08-11 20:10:32,141.521,141.521
2017-08-11 20:10:32,141.52,141.52
2017-08-11 20:10:34,141.52,141.52
2017-08-11 20:10:34,141.52,141.52
2017-08-11 20:10:35,141.517,141.517
2017-08-11 20:10:35,141.517,141.517
2017-08-11 20:10:36,141.517,141.517
2017-08-11 20:10:36,141.517,141.517
2017-08-11 20:10:37,141.517,141.517
2017-08-11 20:10:37,141.517,141.517
2017-08-11 20:10:38,141.517,141.517
2017-08-11 20:10:38,141.517,141.517
2017-08-11 20:10:39,141.517,141.517
2017-08-11 20:10:40,141.516,141.516
2017-08-11 20:10:41,141.516,141.516
2017-08-11 20:10:41,141.516,141.516
2017-08-11 20:10:42,141.517,141.517
2017-08-11 20:10:42,141.517,141.517
2017-08-11 20:10:43,141.517,141.517
2017-08-11 20:10:43,141.517,141.517
2017-08-11 20:10:44,141.521,141.521
2017-08-11 20:10:44,141.521,141.521
2017-08-11 20:10:45,141.52,141.52
2017-08-11 20:10:45,141.519,141.519
2017-08-11 20:10:46,141.519,141.519
2017-08-11 20:10:47,141.519,141.519
2017-08-11 20:10:48,141.519,141.519
2017-08-11 20:10:48,141.519,141.519
2017-08-11 20:10:49,141.519,141.519
2017-08-11 20:10:49,141.519,141.519
2017-08-11 20:10:50,141.517,141.517
2017-08-11 20:10:50,141.517,141.517
2017-08-11 20:10:51,141.517,141.517
2017-08-11 20:10:51,141.517,141.517
2017-08-11 20:10:52,141.517,141.517
2017-08-11 20:10:53,141.517,141.517
2017-08-11 20:10:53,141.517,141.517
2017-08-11 20:10:54,141.517,141.517
2017-08-11 20:10:55,141.517,141.517
2017-08-11 20:10:55,141.518,141.518
2017-08-11 20:10:56,141.517,141.517
2017-08-11 20:10:56,141.517,141.517
2017-08-11 20:10:57,141.517,141.517
2017-08-11 20:10:57,141.518,141.518
2017-08-11 20:10:58,141.517,141.517
2017-08-11 20:10:58,141.517,141.517
2017-08-11 20:10:59,141.517,141.517
2017-08-11 20:11:00,141.511,141.511
2017-08-11 20:11:00,141.51,141.51
2017-08-11 20:11:01,141.512,141.512
2017-08-11 20:11:02,141.51,141.51
2017-08-11 20:11:02,141.51,141.51
2017-08-11 20:11:03,141.513,141.513
2017-08-11 20:11:03,141.512,141.512
2017-08-11 20:11:04,141.513,141.513
2017-08-11 20:11:04,141.513,141.513
2017-08-11 20:11:05,141.513,141.513
2017-08-11 20:11:06,141.513,141.513
2017-08-11 20:11:06,141.519,141.519
2017-08-11 20:11:07,141.519,141.519
2017-08-11 20:11:08,141.517,141.517
2017-08-11 20:11:08,141.517,141.517
2017-08-11 20:11:09,141.517,141.517
2017-08-11 20:11:09,141.517,141.517
2017-08-11 20:11:10,141.517,141.517
2017-08-11 20:11:10,141.517,141.517
2017-08-11 20:11:11,141.517,141.517
2017-08-11 20:11:11,141.518,141.518
2017-08-11 20:11:12,141.518,141.518
2017-08-11 20:11:13,141.518,141.518
2017-08-11 20:11:13,141.517,141.517
2017-08-11 20:11:14,141.517,141.517
2017-08-11 20:11:15,141.519,141.519
2017-08-11 20:11:15,141.52,141.52
2017-08-11 20:11:16,141.52,141.52
2017-08-11 20:11:16,141.52,141.52
2017-08-11 20:11:17,141.52,141.52
2017-08-11 20:11:17,141.52,141.52
2017-08-11 20:11:18,141.52,141.52
2017-08-11 20:11:19,141.519,141.519
2017-08-11 20:11:19,141.519,141.519
2017-08-11 20:11:20,141.519,141.519
2017-08-11 20:11:20,141.519,141.519
2017-08-11 20:11:21,141.519,141.519
2017-08-11 20:11:22,141.52,141.52
2017-08-11 20:11:22,141.52,141.52
2017-08-11 20:11:23,141.52,141.52
2017-08-11 20:11:23,141.52,141.52
2017-08-11 20:11:24,141.52,141.52
2017-08-11 20:11:24,141.52,141.52
2017-08-11 20:11:25,141.52,141.52
2017-08-11 20:11:26,141.52,141.52
2017-08-11 20:11:26,141.52,141.52
2017-08-11 20:11:27,141.52,141.52
2017-08-11 20:11:27,141.52,141.52
2017-08-11 20:11:28,141.52,141.52
2017-08-11 20:11:29,141.52,141.52
2017-08-11 20:11:29,141.52,141.52
2017-08-11 20:11:30,141.52,141.52
2017-08-11 20:11:30,141.52,141.52
2017-08-11 20:11:31,141.519,141.519
2017-08-11 20:11:32,141.52,141.52
2017-08-11 20:11:32,141.52,141.52
2017-08-11 20:11:33,141.52,141.52
2017-08-11 20:11:33,141.52,141.52
2017-08-11 20:11:34,141.52,141.52
2017-08-11 20:11:34,141.52,141.52
2017-08-11 20:11:35,141.52,141.52
2017-08-11 20:11:36,141.52,141.52
2017-08-11 20:11:36,141.528,141.528
2017-08-11 20:11:37,141.528,141.528
2017-08-11 20:11:37,141.528,141.528
2017-08-11 20:11:38,141.528,141.528
2017-08-11 20:11:39,141.528,141.528
2017-08-11 20:11:39,141.528,141.528
2017-08-11 20:11:40,141.528,141.528
2017-08-11 20:11:40,141.528,141.528
2017-08-11 20:11:41,141.528,141.528
2017-08-11 20:11:41,141.521,141.521
2017-08-11 20:11:42,141.518,141.518
2017-08-11 20:11:43,141.517,141.517
2017-08-11 20:11:43,141.517,141.517
2017-08-11 20:11:44,141.517,141.517
2017-08-11 20:11:45,141.517,141.517
2017-08-11 20:11:45,141.517,141.517
2017-08-11 20:11:46,141.517,141.517
2017-08-11 20:11:46,141.517,141.517
2017-08-11 20:11:47,141.517,141.517
2017-08-11 20:11:47,141.517,141.517
2017-08-11 20:11:48,141.517,141.517
2017-08-11 20:11:49,141.517,141.517
2017-08-11 20:11:49,141.517,141.517
2017-08-11 20:11:50,141.517,141.517
2017-08-11 20:11:50,141.517,141.517
2017-08-11 20:11:51,141.517,141.517
2017-08-11 20:11:52,141.513,141.513
2017-08-11 20:11:52,141.513,141.513
2017-08-11 20:11:53,141.513,141.513
2017-08-11 20:11:53,141.513,141.513
2017-08-11 20:11:54,141.513,141.513
2017-08-11 20:11:54,141.513,141.513
2017-08-11 20:11:55,141.513,141.513
2017-08-11 20:11:56,141.513,141.513
2017-08-11 20:11:56,141.513,141.513
2017-08-11 20:11:57,141.513,141.513
2017-08-11 20:11:58,141.513,141.513
2017-08-11 20:11:58,141.513,141.513
2017-08-11 20:11:59,141.513,141.513
2017-08-11 20:11:59,141.513,141.513
2017-08-11 20:12:00,141.513,141.513
2017-08-11 20:12:00,141.513,141.513
2017-08-11 20:12:01,141.513,141.513
2017-08-11 20:12:01,141.513,141.513
2017-08-11 20:12:02,141.522,141.522
2017-08-11 20:12:03,141.522,141.522
2017-08-11 20:12:03,141.521,141.521
2017-08-11 20:12:04,141.521,141.521
2017-08-11 20:12:05,141.526,141.526
2017-08-11 20:12:05,141.526,141.526
2017-08-11 20:12:06,141.526,141.526
2017-08-11 20:12:06,141.526,141.526
2017-08-11 20:12:07,141.526,141.526
2017-08-11 20:12:07,141.526,141.526
2017-08-11 20:12:08,141.526,141.526
2017-08-11 20:12:08,141.526,141.526
2017-08-11 20:12:09,141.526,141.526
2017-08-11 20:12:10,141.526,141.526
2017-08-11 20:12:11,141.526,141.526
2017-08-11 20:12:11,141.526,141.526
2017-08-11 20:12:12,141.526,141.526
2017-08-11 20:12:12,141.526,141.526
2017-08-11 20:12:13,141.529,141.529
2017-08-11 20:12:13,141.534,141.534
2017-08-11 20:12:14,141.538,141.538
2017-08-11 20:12:14,141.538,141.538
2017-08-11 20:12:15,141.538,141.538
2017-08-11 20:12:15,141.538,141.538
2017-08-11 20:12:16,141.538,141.538
2017-08-11 20:12:17,141.538,141.538
2017-08-11 20:12:18,141.534,141.534
2017-08-11 20:12:18,141.534,141.534
2017-08-11 20:12:19,141.533,141.533
2017-08-11 20:12:19,141.533,141.533
2017-08-11 20:12:20,141.532,141.532
2017-08-11 20:12:20,141.532,141.532
2017-08-11 20:12:21,141.532,141.532
2017-08-11 20:12:21,141.532,141.532
2017-08-11 20:12:22,141.532,141.532
2017-08-11 20:12:22,141.532,141.532
2017-08-11 20:12:23,141.531,141.531
2017-08-11 20:12:24,141.531,141.531
2017-08-11 20:12:25,141.532,141.532
2017-08-11 20:12:25,141.532,141.532
2017-08-11 20:12:26,141.532,141.532
2017-08-11 20:12:26,141.532,141.532
2017-08-11 20:12:27,141.532,141.532
2017-08-11 20:12:27,141.532,141.532
2017-08-11 20:12:28,141.532,141.532
2017-08-11 20:12:28,141.532,141.532
2017-08-11 20:12:29,141.532,141.532
2017-08-11 20:12:30,141.532,141.532
2017-08-11 20:12:31,141.532,141.532
2017-08-11 20:12:31,141.532,141.532
2017-08-11 20:12:32,141.532,141.532
2017-08-11 20:12:32,141.532,141.532
2017-08-11 20:12:33,141.532,141.532
2017-08-11 20:12:33,141.532,141.532
2017-08-11 20:12:34,141.528,141.528
2017-08-11 20:12:34,141.528,141.528
2017-08-11 20:12:35,141.528,141.528
2017-08-11 20:12:35,141.528,141.528
2017-08-11 20:12:36,141.528,141.528
2017-08-11 20:12:37,141.528,141.528
2017-08-11 20:12:38,141.528,141.528
2017-08-11 20:12:38,141.528,141.528
2017-08-11 20:12:39,141.528,141.528
2017-08-11 20:12:39,141.528,141.528
2017-08-11 20:12:40,141.528,141.528
2017-08-11 20:12:40,141.528,141.528
2017-08-11 20:12:41,141.528,141.528
2017-08-11 20:12:41,141.528,141.528
2017-08-11 20:12:42,141.528,141.528
2017-08-11 20:12:42,141.528,141.528
2017-08-11 20:12:44,141.528,141.528
2017-08-11 20:12:44,141.528,141.528
2017-08-11 20:12:45,141.523,141.523
2017-08-11 20:12:45,141.523,141.523
2017-08-11 20:12:46,141.523,141.523
2017-08-11 20:12:46,141.523,141.523
2017-08-11 20:12:47,141.523,141.523
2017-08-11 20:12:47,141.523,141.523
2017-08-11 20:12:48,141.523,141.523
2017-08-11 20:12:48,141.523,141.523
2017-08-11 20:12:49,141.523,141.523
2017-08-11 20:12:49,141.523,141.523
2017-08-11 20:12:51,141.523,141.523
2017-08-11 20:12:51,141.523,141.523
2017-08-11 20:12:52,141.523,141.523
2017-08-11 20:12:52,141.523,141.523
2017-08-11 20:12:53,141.523,141.523
2017-08-11 20:12:53,141.523,141.523
2017-08-11 20:12:54,141.523,141.523
2017-08-11 20:12:54,141.523,141.523
2017-08-11 20:12:55,141.522,141.522
2017-08-11 20:12:55,141.522,141.522
2017-08-11 20:12:56,141.526,141.526
2017-08-11 20:12:57,141.526,141.526
2017-08-11 20:12:58,141.528,141.528
2017-08-11 20:12:58,141.528,141.528
2017-08-11 20:12:59,141.528,141.528
2017-08-11 20:12:59,141.528,141.528
2017-08-11 20:13:00,141.526,141.526
2017-08-11 20:13:00,141.526,141.526
2017-08-11 20:13:01,141.526,141.526
2017-08-11 20:13:01,141.526,141.526
2017-08-11 20:13:02,141.526,141.526
2017-08-11 20:13:02,141.526,141.526
2017-08-11 20:13:03,141.537,141.537
2017-08-11 20:13:04,141.537,141.537
2017-08-11 20:13:05,141.537,141.537
2017-08-11 20:13:05,141.537,141.537
2017-08-11 20:13:06,141.537,141.537
2017-08-11 20:13:06,141.537,141.537
2017-08-11 20:13:07,141.539,141.539
2017-08-11 20:13:07,141.539,141.539
2017-08-11 20:13:08,141.541,141.541
2017-08-11 20:13:08,141.541,141.541
2017-08-11 20:13:09,141.541,141.541
2017-08-11 20:13:10,141.541,141.541
2017-08-11 20:13:11,141.541,141.541
2017-08-11 20:13:11,141.539,141.539
2017-08-11 20:13:12,141.539,141.539
2017-08-11 20:13:12,141.539,141.539
2017-08-11 20:13:13,141.541,141.541
2017-08-11 20:13:13,141.541,141.541
2017-08-11 20:13:14,141.539,141.539
2017-08-11 20:13:14,141.539,141.539
2017-08-11 20:13:15,141.539,141.539
2017-08-11 20:13:15,141.537,141.537
2017-08-11 20:13:16,141.536,141.536
2017-08-11 20:13:17,141.536,141.536
2017-08-11 20:13:18,141.536,141.536
2017-08-11 20:13:18,141.536,141.536
2017-08-11 20:13:19,141.536,141.536
2017-08-11 20:13:19,141.536,141.536
2017-08-11 20:13:20,141.536,141.536
2017-08-11 20:13:20,141.536,141.536
2017-08-11 20:13:21,141.536,141.536
2017-08-11 20:13:21,141.536,141.536
2017-08-11 20:13:22,141.535,141.535
2017-08-11 20:13:23,141.536,141.536
2017-08-11 20:13:23,141.536,141.536
2017-08-11 20:13:24,141.536,141.536
2017-08-11 20:13:25,141.536,141.536
2017-08-11 20:13:25,141.536,141.536
2017-08-11 20:13:26,141.53,141.53
2017-08-11 20:13:26,141.53,141.53
2017-08-11 20:13:27,141.528,141.528
2017-08-11 20:13:27,141.528,141.528
2017-08-11 20:13:28,141.529,141.529
2017-08-11 20:13:28,141.529,141.529
2017-08-11 20:13:29,141.529,141.529
2017-08-11 20:13:30,141.529,141.529
2017-08-11 20:13:30,141.529,141.529
2017-08-11 20:13:31,141.529,141.529
2017-08-11 20:13:32,141.53,141.53
2017-08-11 20:13:32,141.528,141.528
2017-08-11 20:13:33,141.529,141.529
2017-08-11 20:13:33,141.531,141.531
2017-08-11 20:13:34,141.53,141.53
2017-08-11 20:13:34,141.53,141.53
2017-08-11 20:13:35,141.53,141.53
2017-08-11 20:13:36,141.53,141.53
2017-08-11 20:13:36,141.53,141.53
2017-08-11 20:13:37,141.53,141.53
2017-08-11 20:13:37,141.531,141.531
2017-08-11 20:13:38,141.531,141.531
2017-08-11 20:13:39,141.531,141.531
2017-08-11 20:13:39,141.53,141.53
2017-08-11 20:13:40,141.53,141.53
2017-08-11 20:13:40,141.531,141.531
2017-08-11 20:13:41,141.531,141.531
2017-08-11 20:13:41,141.534,141.534
2017-08-11 20:13:42,141.534,141.534
2017-08-11 20:13:43,141.534,141.534
2017-08-11 20:13:43,141.534,141.534
2017-08-11 20:13:44,141.534,141.534
2017-08-11 20:13:44,141.534,141.534
2017-08-11 20:13:45,141.534,141.534
2017-08-11 20:13:46,141.534,141.534
2017-08-11 20:13:46,141.534,141.534
2017-08-11 20:13:47,141.534,141.534
2017-08-11 20:13:47,141.529,141.529
2017-08-11 20:13:48,141.529,141.529
2017-08-11 20:13:49,141.529,141.529
2017-08-11 20:13:49,141.536,141.536
2017-08-11 20:13:50,141.541,141.541
2017-08-11 20:13:50,141.541,141.541
2017-08-11 20:13:51,141.542,141.542
2017-08-11 20:13:52,141.542,141.542
2017-08-11 20:13:52,141.542,141.542
2017-08-11 20:13:53,141.542,141.542
2017-08-11 20:13:53,141.542,141.542
2017-08-11 20:13:54,141.542,141.542
2017-08-11 20:13:54,141.542,141.542
2017-08-11 20:13:55,141.542,141.542
2017-08-11 20:13:56,141.542,141.542
2017-08-11 20:13:56,141.542,141.542
2017-08-11 20:13:57,141.542,141.542
2017-08-11 20:13:57,141.542,141.542
2017-08-11 20:13:58,141.543,141.543
2017-08-11 20:13:59,141.553,141.553
2017-08-11 20:13:59,141.548,141.548
2017-08-11 20:14:00,141.548,141.548
2017-08-11 20:14:00,141.548,141.548
2017-08-11 20:14:01,141.539,141.539
2017-08-11 20:14:02,141.539,141.539
2017-08-11 20:14:02,141.539,141.539
2017-08-11 20:14:03,141.539,141.539
2017-08-11 20:14:03,141.537,141.537
2017-08-11 20:14:04,141.538,141.538
2017-08-11 20:14:04,141.538,141.538
2017-08-11 20:14:05,141.538,141.538
2017-08-11 20:14:06,141.538,141.538
2017-08-11 20:14:06,141.537,141.537
2017-08-11 20:14:07,141.537,141.537
2017-08-11 20:14:07,141.537,141.537
2017-08-11 20:14:08,141.537,141.537
2017-08-11 20:14:09,141.537,141.537
2017-08-11 20:14:09,141.537,141.537
2017-08-11 20:14:10,141.538,141.538
2017-08-11 20:14:10,141.537,141.537
2017-08-11 20:14:11,141.536,141.536
2017-08-11 20:14:11,141.536,141.536
2017-08-11 20:14:12,141.537,141.537
2017-08-11 20:14:13,141.538,141.538
2017-08-11 20:14:13,141.538,141.538
2017-08-11 20:14:14,141.538,141.538
2017-08-11 20:14:15,141.538,141.538
2017-08-11 20:14:15,141.543,141.543
2017-08-11 20:14:16,141.543,141.543
2017-08-11 20:14:16,141.543,141.543
2017-08-11 20:14:17,141.543,141.543
2017-08-11 20:14:17,141.543,141.543
2017-08-11 20:14:18,141.543,141.543
2017-08-11 20:14:18,141.543,141.543
2017-08-11 20:14:19,141.543,141.543
2017-08-11 20:14:20,141.543,141.543
2017-08-11 20:14:20,141.544,141.544
2017-08-11 20:14:21,141.543,141.543
2017-08-11 20:14:22,141.543,141.543
2017-08-11 20:14:22,141.542,141.542
2017-08-11 20:14:23,141.55,141.55
2017-08-11 20:14:23,141.551,141.551
2017-08-11 20:14:24,141.548,141.548
2017-08-11 20:14:24,141.549,141.549
2017-08-11 20:14:25,141.549,141.549
2017-08-11 20:14:26,141.55,141.55
2017-08-11 20:14:26,141.55,141.55
2017-08-11 20:14:27,141.55,141.55
2017-08-11 20:14:28,141.554,141.554
2017-08-11 20:14:28,141.559,141.559
2017-08-11 20:14:29,141.561,141.561
2017-08-11 20:14:29,141.563,141.563
2017-08-11 20:14:30,141.567,141.567
2017-08-11 20:14:30,141.568,141.568
2017-08-11 20:14:31,141.563,141.563
2017-08-11 20:14:31,141.563,141.563
2017-08-11 20:14:32,141.564,141.564
2017-08-11 20:14:33,141.563,141.563
2017-08-11 20:14:33,141.563,141.563
2017-08-11 20:14:34,141.563,141.563
2017-08-11 20:14:35,141.563,141.563
2017-08-11 20:14:35,141.563,141.563
2017-08-11 20:14:36,141.563,141.563
2017-08-11 20:14:36,141.563,141.563
2017-08-11 20:14:37,141.565,141.565
2017-08-11 20:14:37,141.565,141.565
2017-08-11 20:14:38,141.564,141.564
2017-08-11 20:14:38,141.564,141.564
2017-08-11 20:14:39,141.563,141.563
2017-08-11 20:14:40,141.564,141.564
2017-08-11 20:14:41,141.563,141.563
2017-08-11 20:14:41,141.563,141.563
2017-08-11 20:14:42,141.558,141.558
2017-08-11 20:14:42,141.567,141.567
2017-08-11 20:14:43,141.568,141.568
2017-08-11 20:14:43,141.568,141.568
2017-08-11 20:14:44,141.573,141.573
2017-08-11 20:14:44,141.573,141.573
2017-08-11 20:14:45,141.573,141.573
2017-08-11 20:14:45,141.573,141.573
2017-08-11 20:14:46,141.573,141.573
2017-08-11 20:14:47,141.573,141.573
2017-08-11 20:14:48,141.573,141.573
2017-08-11 20:14:48,141.573,141.573
2017-08-11 20:14:49,141.575,141.575
2017-08-11 20:14:49,141.574,141.574
2017-08-11 20:14:50,141.575,141.575
2017-08-11 20:14:50,141.575,141.575
2017-08-11 20:14:51,141.575,141.575
2017-08-11 20:14:51,141.58,141.58
2017-08-11 20:14:52,141.58,141.58
2017-08-11 20:14:52,141.58,141.58
2017-08-11 20:14:54,141.58,141.58
2017-08-11 20:14:54,141.58,141.58
2017-08-11 20:14:55,141.58,141.58
2017-08-11 20:14:55,141.58,141.58
2017-08-11 20:14:56,141.58,141.58
2017-08-11 20:14:56,141.58,141.58
2017-08-11 20:14:57,141.587,141.587
2017-08-11 20:14:57,141.587,141.587
2017-08-11 20:14:58,141.587,141.587
2017-08-11 20:14:58,141.587,141.587
2017-08-11 20:14:59,141.587,141.587
2017-08-11 20:14:59,141.587,141.587
2017-08-11 20:15:01,141.585,141.585
2017-08-11 20:15:01,141.585,141.585
2017-08-11 20:15:02,141.573,141.573
2017-08-11 20:15:02,141.573,141.573
2017-08-11 20:15:03,141.571,141.571
2017-08-11 20:15:03,141.577,141.577
2017-08-11 20:15:04,141.577,141.577
2017-08-11 20:15:04,141.577,141.577
2017-08-11 20:15:05,141.577,141.577
2017-08-11 20:15:05,141.577,141.577
2017-08-11 20:15:07,141.586,141.586
2017-08-11 20:15:07,141.586,141.586
2017-08-11 20:15:08,141.587,141.587
2017-08-11 20:15:08,141.587,141.587
2017-08-11 20:15:09,141.587,141.587
2017-08-11 20:15:09,141.587,141.587
2017-08-11 20:15:10,141.588,141.588
2017-08-11 20:15:10,141.588,141.588
2017-08-11 20:15:11,141.588,141.588
2017-08-11 20:15:11,141.59,141.59
2017-08-11 20:15:12,141.589,141.589
2017-08-11 20:15:12,141.589,141.589
2017-08-11 20:15:14,141.592,141.592
2017-08-11 20:15:14,141.592,141.592
2017-08-11 20:15:15,141.594,141.594
2017-08-11 20:15:15,141.594,141.594
2017-08-11 20:15:16,141.602,141.602
2017-08-11 20:15:16,141.602,141.602
2017-08-11 20:15:17,141.594,141.594
2017-08-11 20:15:17,141.594,141.594
2017-08-11 20:15:18,141.594,141.594
2017-08-11 20:15:18,141.594,141.594
2017-08-11 20:15:19,141.594,141.594
2017-08-11 20:15:20,141.594,141.594
2017-08-11 20:15:21,141.594,141.594
2017-08-11 20:15:21,141.595,141.595
2017-08-11 20:15:22,141.595,141.595
2017-08-11 20:15:22,141.595,141.595
2017-08-11 20:15:23,141.601,141.601
2017-08-11 20:15:23,141.602,141.602
2017-08-11 20:15:24,141.601,141.601
2017-08-11 20:15:24,141.601,141.601
2017-08-11 20:15:25,141.601,141.601
2017-08-11 20:15:25,141.601,141.601
2017-08-11 20:15:26,141.593,141.593
2017-08-11 20:15:27,141.593,141.593
2017-08-11 20:15:28,141.591,141.591
2017-08-11 20:15:28,141.591,141.591
2017-08-11 20:15:29,141.591,141.591
2017-08-11 20:15:29,141.591,141.591
2017-08-11 20:15:30,141.59,141.59
2017-08-11 20:15:30,141.59,141.59
2017-08-11 20:15:31,141.591,141.591
2017-08-11 20:15:31,141.591,141.591
2017-08-11 20:15:32,141.591,141.591
2017-08-11 20:15:33,141.591,141.591
2017-08-11 20:15:33,141.59,141.59
2017-08-11 20:15:34,141.59,141.59
2017-08-11 20:15:35,141.594,141.594
2017-08-11 20:15:35,141.594,141.594
2017-08-11 20:15:36,141.594,141.594
2017-08-11 20:15:36,141.594,141.594
2017-08-11 20:15:37,141.592,141.592
2017-08-11 20:15:37,141.594,141.594
2017-08-11 20:15:38,141.596,141.596
2017-08-11 20:15:38,141.596,141.596
2017-08-11 20:15:39,141.598,141.598
2017-08-11 20:15:40,141.597,141.597
2017-08-11 20:15:41,141.599,141.599
2017-08-11 20:15:41,141.597,141.597
2017-08-11 20:15:42,141.6,141.6
2017-08-11 20:15:42,141.6,141.6
2017-08-11 20:15:43,141.6,141.6
2017-08-11 20:15:43,141.6,141.6
2017-08-11 20:15:44,141.6,141.6
2017-08-11 20:15:44,141.6,141.6
2017-08-11 20:15:45,141.591,141.591
2017-08-11 20:15:46,141.59,141.59
2017-08-11 20:15:46,141.589,141.589
2017-08-11 20:15:47,141.589,141.589
2017-08-11 20:15:48,141.591,141.591
2017-08-11 20:15:48,141.589,141.589
2017-08-11 20:15:49,141.588,141.588
2017-08-11 20:15:49,141.587,141.587
2017-08-11 20:15:50,141.587,141.587
2017-08-11 20:15:50,141.586,141.586
2017-08-11 20:15:51,141.584,141.584
2017-08-11 20:15:51,141.582,141.582
2017-08-11 20:15:52,141.581,141.581
2017-08-11 20:15:53,141.581,141.581
2017-08-11 20:15:53,141.584,141.584
2017-08-11 20:15:54,141.584,141.584
2017-08-11 20:15:55,141.59,141.59
2017-08-11 20:15:55,141.591,141.591
2017-08-11 20:15:56,141.592,141.592
2017-08-11 20:15:56,141.591,141.591
2017-08-11 20:15:57,141.59,141.59
2017-08-11 20:15:57,141.59,141.59
2017-08-11 20:15:58,141.59,141.59
2017-08-11 20:15:59,141.59,141.59
2017-08-11 20:15:59,141.592,141.592
2017-08-11 20:16:00,141.591,141.591
2017-08-11 20:16:00,141.592,141.592
2017-08-11 20:16:01,141.592,141.592
2017-08-11 20:16:02,141.591,141.591
2017-08-11 20:16:02,141.592,141.592
2017-08-11 20:16:03,141.591,141.591
2017-08-11 20:16:03,141.594,141.594
2017-08-11 20:16:04,141.591,141.591
2017-08-11 20:16:04,141.592,141.592
2017-08-11 20:16:05,141.594,141.594
2017-08-11 20:16:06,141.595,141.595
2017-08-11 20:16:06,141.595,141.595
2017-08-11 20:16:07,141.594,141.594
2017-08-11 20:16:07,141.597,141.597
2017-08-11 20:16:08,141.6,141.6
2017-08-11 20:16:09,141.598,141.598
2017-08-11 20:16:09,141.599,141.599
2017-08-11 20:16:10,141.599,141.599
2017-08-11 20:16:10,141.598,141.598
2017-08-11 20:16:11,141.598,141.598
2017-08-11 20:16:12,141.601,141.601
2017-08-11 20:16:12,141.609,141.609
2017-08-11 20:16:13,141.615,141.615
2017-08-11 20:16:13,141.615,141.615
2017-08-11 20:16:14,141.615,141.615
2017-08-11 20:16:15,141.615,141.615
2017-08-11 20:16:15,141.615,141.615
2017-08-11 20:16:16,141.615,141.615
2017-08-11 20:16:16,141.615,141.615
2017-08-11 20:16:17,141.615,141.615
2017-08-11 20:16:17,141.615,141.615
2017-08-11 20:16:18,141.615,141.615
2017-08-11 20:16:19,141.615,141.615
2017-08-11 20:16:19,141.615,141.615
2017-08-11 20:16:20,141.615,141.615
2017-08-11 20:16:20,141.619,141.619
2017-08-11 20:16:21,141.619,141.619
2017-08-11 20:16:22,141.619,141.619
2017-08-11 20:16:22,141.619,141.619
2017-08-11 20:16:23,141.619,141.619
2017-08-11 20:16:23,141.619,141.619
2017-08-11 20:16:24,141.619,141.619
2017-08-11 20:16:25,141.619,141.619
2017-08-11 20:16:25,141.619,141.619
2017-08-11 20:16:26,141.619,141.619
2017-08-11 20:16:26,141.619,141.619
2017-08-11 20:16:27,141.619,141.619
2017-08-11 20:16:27,141.622,141.622
2017-08-11 20:16:28,141.622,141.622
2017-08-11 20:16:29,141.622,141.622
2017-08-11 20:16:29,141.622,141.622
2017-08-11 20:16:30,141.622,141.622
2017-08-11 20:16:30,141.622,141.622
2017-08-11 20:16:31,141.622,141.622
2017-08-11 20:16:32,141.622,141.622
2017-08-11 20:16:32,141.622,141.622
2017-08-11 20:16:33,141.622,141.622
2017-08-11 20:16:33,141.622,141.622
2017-08-11 20:16:34,141.622,141.622
2017-08-11 20:16:34,141.622,141.622
2017-08-11 20:16:35,141.622,141.622
2017-08-11 20:16:36,141.622,141.622
2017-08-11 20:16:36,141.622,141.622
2017-08-11 20:16:37,141.622,141.622
2017-08-11 20:16:38,141.622,141.622
2017-08-11 20:16:38,141.622,141.622
2017-08-11 20:16:39,141.622,141.622
2017-08-11 20:16:39,141.622,141.622
2017-08-11 20:16:40,141.622,141.622
2017-08-11 20:16:40,141.622,141.622
2017-08-11 20:16:41,141.622,141.622
2017-08-11 20:16:41,141.622,141.622
2017-08-11 20:16:42,141.622,141.622
2017-08-11 20:16:43,141.615,141.615
2017-08-11 20:16:43,141.616,141.616
2017-08-11 20:16:44,141.617,141.617
2017-08-11 20:16:45,141.618,141.618
2017-08-11 20:16:45,141.618,141.618
2017-08-11 20:16:46,141.618,141.618
2017-08-11 20:16:46,141.618,141.618
2017-08-11 20:16:47,141.618,141.618
2017-08-11 20:16:47,141.618,141.618
2017-08-11 20:16:48,141.62,141.62
2017-08-11 20:16:48,141.62,141.62
2017-08-11 20:16:49,141.62,141.62
2017-08-11 20:16:50,141.62,141.62
2017-08-11 20:16:51,141.62,141.62
2017-08-11 20:16:51,141.62,141.62
2017-08-11 20:16:52,141.621,141.621
2017-08-11 20:16:52,141.621,141.621
2017-08-11 20:16:53,141.619,141.619
2017-08-11 20:16:53,141.62,141.62
2017-08-11 20:16:54,141.623,141.623
2017-08-11 20:16:54,141.624,141.624
2017-08-11 20:16:55,141.624,141.624
2017-08-11 20:16:56,141.624,141.624
2017-08-11 20:16:56,141.624,141.624
2017-08-11 20:16:57,141.624,141.624
2017-08-11 20:16:58,141.623,141.623
2017-08-11 20:16:58,141.623,141.623
2017-08-11 20:16:59,141.637,141.637
2017-08-11 20:16:59,141.636,141.636
2017-08-11 20:17:00,141.635,141.635
2017-08-11 20:17:00,141.635,141.635
2017-08-11 20:17:01,141.636,141.636
2017-08-11 20:17:01,141.636,141.636
2017-08-11 20:17:02,141.636,141.636
2017-08-11 20:17:03,141.636,141.636
2017-08-11 20:17:04,141.636,141.636
2017-08-11 20:17:04,141.635,141.635
2017-08-11 20:17:05,141.635,141.635
2017-08-11 20:17:05,141.638,141.638
2017-08-11 20:17:06,141.645,141.645
2017-08-11 20:17:06,141.645,141.645
2017-08-11 20:17:07,141.645,141.645
2017-08-11 20:17:07,141.645,141.645
2017-08-11 20:17:08,141.645,141.645
2017-08-11 20:17:08,141.645,141.645
2017-08-11 20:17:09,141.645,141.645
2017-08-11 20:17:10,141.645,141.645
2017-08-11 20:17:11,141.642,141.642
2017-08-11 20:17:11,141.64,141.64
2017-08-11 20:17:12,141.64,141.64
2017-08-11 20:17:12,141.64,141.64
2017-08-11 20:17:13,141.635,141.635
2017-08-11 20:17:13,141.635,141.635
2017-08-11 20:17:14,141.635,141.635
2017-08-11 20:17:14,141.634,141.634
2017-08-11 20:17:15,141.634,141.634
2017-08-11 20:17:15,141.633,141.633
2017-08-11 20:17:17,141.632,141.632
2017-08-11 20:17:17,141.632,141.632
2017-08-11 20:17:18,141.633,141.633
2017-08-11 20:17:18,141.633,141.633
2017-08-11 20:17:19,141.633,141.633
2017-08-11 20:17:19,141.632,141.632
2017-08-11 20:17:20,141.632,141.632
2017-08-11 20:17:20,141.632,141.632
2017-08-11 20:17:21,141.634,141.634
2017-08-11 20:17:21,141.634,141.634
2017-08-11 20:17:22,141.637,141.637
2017-08-11 20:17:22,141.637,141.637
2017-08-11 20:17:24,141.637,141.637
2017-08-11 20:17:24,141.637,141.637
2017-08-11 20:17:25,141.637,141.637
2017-08-11 20:17:25,141.637,141.637
2017-08-11 20:17:26,141.637,141.637
2017-08-11 20:17:26,141.637,141.637
2017-08-11 20:17:27,141.637,141.637
2017-08-11 20:17:27,141.637,141.637
2017-08-11 20:17:28,141.633,141.633
2017-08-11 20:17:28,141.633,141.633
2017-08-11 20:17:30,141.633,141.633
2017-08-11 20:17:30,141.633,141.633
2017-08-11 20:17:31,141.633,141.633
2017-08-11 20:17:31,141.633,141.633
2017-08-11 20:17:32,141.633,141.633
2017-08-11 20:17:32,141.633,141.633
2017-08-11 20:17:33,141.63,141.63
2017-08-11 20:17:33,141.63,141.63
2017-08-11 20:17:34,141.636,141.636
2017-08-11 20:17:34,141.636,141.636
2017-08-11 20:17:35,141.635,141.635
2017-08-11 20:17:35,141.635,141.635
2017-08-11 20:17:37,141.64,141.64
2017-08-11 20:17:37,141.64,141.64
2017-08-11 20:17:38,141.641,141.641
2017-08-11 20:17:38,141.641,141.641
2017-08-11 20:17:39,141.644,141.644
2017-08-11 20:17:39,141.644,141.644
2017-08-11 20:17:40,141.643,141.643
2017-08-11 20:17:40,141.643,141.643
2017-08-11 20:17:41,141.643,141.643
2017-08-11 20:17:41,141.643,141.643
2017-08-11 20:17:42,141.643,141.643
2017-08-11 20:17:42,141.643,141.643
2017-08-11 20:17:44,141.642,141.642
2017-08-11 20:17:44,141.642,141.642
2017-08-11 20:17:45,141.644,141.644
2017-08-11 20:17:45,141.646,141.646
2017-08-11 20:17:46,141.647,141.647
2017-08-11 20:17:46,141.647,141.647
2017-08-11 20:17:47,141.647,141.647
2017-08-11 20:17:47,141.647,141.647
2017-08-11 20:17:48,141.647,141.647
2017-08-11 20:17:48,141.647,141.647
2017-08-11 20:17:49,141.647,141.647
2017-08-11 20:17:50,141.647,141.647
2017-08-11 20:17:51,141.647,141.647
2017-08-11 20:17:51,141.647,141.647
2017-08-11 20:17:52,141.647,141.647
2017-08-11 20:17:52,141.647,141.647
2017-08-11 20:17:53,141.649,141.649
2017-08-11 20:17:53,141.649,141.649
2017-08-11 20:17:54,141.649,141.649
2017-08-11 20:17:54,141.649,141.649
2017-08-11 20:17:55,141.649,141.649
2017-08-11 20:17:55,141.649,141.649
2017-08-11 20:17:56,141.642,141.642
2017-08-11 20:17:57,141.642,141.642
2017-08-11 20:17:58,141.643,141.643
2017-08-11 20:17:58,141.642,141.642
2017-08-11 20:17:59,141.641,141.641
2017-08-11 20:17:59,141.632,141.632
2017-08-11 20:18:00,141.63,141.63
2017-08-11 20:18:00,141.63,141.63
2017-08-11 20:18:01,141.628,141.628
2017-08-11 20:18:01,141.626,141.626
2017-08-11 20:18:02,141.632,141.632
2017-08-11 20:18:03,141.633,141.633
2017-08-11 20:18:03,141.628,141.628
2017-08-11 20:18:04,141.625,141.625
2017-08-11 20:18:05,141.627,141.627
2017-08-11 20:18:05,141.626,141.626
2017-08-11 20:18:06,141.633,141.633
2017-08-11 20:18:06,141.633,141.633
2017-08-11 20:18:07,141.633,141.633
2017-08-11 20:18:07,141.633,141.633
2017-08-11 20:18:08,141.633,141.633
2017-08-11 20:18:08,141.633,141.633
2017-08-11 20:18:09,141.633,141.633
2017-08-11 20:18:10,141.635,141.635
2017-08-11 20:18:11,141.635,141.635
2017-08-11 20:18:11,141.635,141.635
2017-08-11 20:18:12,141.634,141.634
2017-08-11 20:18:12,141.637,141.637
2017-08-11 20:18:13,141.635,141.635
2017-08-11 20:18:13,141.637,141.637
2017-08-11 20:18:14,141.639,141.639
2017-08-11 20:18:14,141.639,141.639
2017-08-11 20:18:15,141.634,141.634
2017-08-11 20:18:16,141.634,141.634
2017-08-11 20:18:16,141.634,141.634
2017-08-11 20:18:17,141.633,141.633
2017-08-11 20:18:18,141.633,141.633
2017-08-11 20:18:18,141.634,141.634
2017-08-11 20:18:19,141.633,141.633
2017-08-11 20:18:19,141.633,141.633
2017-08-11 20:18:20,141.633,141.633
2017-08-11 20:18:20,141.634,141.634
2017-08-11 20:18:21,141.635,141.635
2017-08-11 20:18:21,141.635,141.635
2017-08-11 20:18:22,141.635,141.635
2017-08-11 20:18:23,141.635,141.635
2017-08-11 20:18:23,141.635,141.635
2017-08-11 20:18:24,141.635,141.635
2017-08-11 20:18:25,141.635,141.635
2017-08-11 20:18:25,141.636,141.636
2017-08-11 20:18:26,141.638,141.638
2017-08-11 20:18:26,141.638,141.638
2017-08-11 20:18:27,141.638,141.638
2017-08-11 20:18:27,141.638,141.638
2017-08-11 20:18:28,141.638,141.638
2017-08-11 20:18:29,141.638,141.638
2017-08-11 20:18:29,141.635,141.635
2017-08-11 20:18:30,141.638,141.638
2017-08-11 20:18:30,141.638,141.638
2017-08-11 20:18:31,141.638,141.638
2017-08-11 20:18:32,141.635,141.635
2017-08-11 20:18:32,141.637,141.637
2017-08-11 20:18:33,141.637,141.637
2017-08-11 20:18:33,141.639,141.639
2017-08-11 20:18:34,141.641,141.641
2017-08-11 20:18:34,141.641,141.641
2017-08-11 20:18:35,141.642,141.642
2017-08-11 20:18:36,141.642,141.642
2017-08-11 20:18:36,141.641,141.641
2017-08-11 20:18:37,141.641,141.641
2017-08-11 20:18:37,141.642,141.642
2017-08-11 20:18:38,141.645,141.645
2017-08-11 20:18:39,141.642,141.642
2017-08-11 20:18:39,141.641,141.641
2017-08-11 20:18:40,141.64,141.64
2017-08-11 20:18:40,141.641,141.641
2017-08-11 20:18:41,141.642,141.642
2017-08-11 20:18:42,141.642,141.642
2017-08-11 20:18:42,141.642,141.642
2017-08-11 20:18:43,141.642,141.642
2017-08-11 20:18:43,141.642,141.642
2017-08-11 20:18:44,141.637,141.637
2017-08-11 20:18:45,141.629,141.629
2017-08-11 20:18:45,141.63,141.63
2017-08-11 20:18:46,141.63,141.63
2017-08-11 20:18:46,141.631,141.631
2017-08-11 20:18:47,141.631,141.631
2017-08-11 20:18:47,141.63,141.63
2017-08-11 20:18:48,141.631,141.631
2017-08-11 20:18:49,141.631,141.631
2017-08-11 20:18:49,141.633,141.633
2017-08-11 20:18:50,141.634,141.634
2017-08-11 20:18:50,141.639,141.639
2017-08-11 20:18:51,141.637,141.637
2017-08-11 20:18:52,141.638,141.638
2017-08-11 20:18:52,141.638,141.638
2017-08-11 20:18:53,141.639,141.639
2017-08-11 20:18:53,141.639,141.639
2017-08-11 20:18:54,141.639,141.639
2017-08-11 20:18:55,141.639,141.639
2017-08-11 20:18:55,141.639,141.639
2017-08-11 20:18:56,141.639,141.639
2017-08-11 20:18:56,141.639,141.639
2017-08-11 20:18:57,141.638,141.638
2017-08-11 20:18:57,141.641,141.641
2017-08-11 20:18:58,141.645,141.645
2017-08-11 20:18:59,141.645,141.645
2017-08-11 20:18:59,141.653,141.653
2017-08-11 20:19:00,141.653,141.653
2017-08-11 20:19:00,141.658,141.658
2017-08-11 20:19:01,141.654,141.654
2017-08-11 20:19:02,141.659,141.659
2017-08-11 20:19:02,141.659,141.659
2017-08-11 20:19:03,141.659,141.659
2017-08-11 20:19:03,141.659,141.659
2017-08-11 20:19:04,141.666,141.666
2017-08-11 20:19:04,141.666,141.666
2017-08-11 20:19:05,141.666,141.666
2017-08-11 20:19:06,141.666,141.666
2017-08-11 20:19:06,141.666,141.666
2017-08-11 20:19:07,141.657,141.657
2017-08-11 20:19:08,141.657,141.657
2017-08-11 20:19:08,141.659,141.659
2017-08-11 20:19:09,141.661,141.661
2017-08-11 20:19:09,141.657,141.657
2017-08-11 20:19:10,141.656,141.656
2017-08-11 20:19:10,141.657,141.657
2017-08-11 20:19:11,141.657,141.657
2017-08-11 20:19:11,141.657,141.657
2017-08-11 20:19:12,141.658,141.658
2017-08-11 20:19:13,141.658,141.658
2017-08-11 20:19:13,141.658,141.658
2017-08-11 20:19:14,141.658,141.658
2017-08-11 20:19:15,141.658,141.658
2017-08-11 20:19:15,141.658,141.658
2017-08-11 20:19:16,141.658,141.658
2017-08-11 20:19:16,141.658,141.658
2017-08-11 20:19:17,141.658,141.658
2017-08-11 20:19:17,141.658,141.658
2017-08-11 20:19:18,141.658,141.658
2017-08-11 20:19:18,141.658,141.658
2017-08-11 20:19:19,141.658,141.658
2017-08-11 20:19:20,141.658,141.658
2017-08-11 20:19:21,141.658,141.658
2017-08-11 20:19:21,141.658,141.658
2017-08-11 20:19:22,141.661,141.661
2017-08-11 20:19:22,141.661,141.661
2017-08-11 20:19:23,141.673,141.673
2017-08-11 20:19:23,141.677,141.677
2017-08-11 20:19:24,141.677,141.677
2017-08-11 20:19:24,141.679,141.679
2017-08-11 20:19:25,141.679,141.679
2017-08-11 20:19:26,141.679,141.679
2017-08-11 20:19:26,141.679,141.679
2017-08-11 20:19:27,141.679,141.679
2017-08-11 20:19:28,141.678,141.678
2017-08-11 20:19:28,141.678,141.678
2017-08-11 20:19:29,141.67,141.67
